%YAML 1.1
%TAG !u! tag:unity3d.com,2011:
--- !u!1 &78113024699836384
GameObject:
  m_ObjectHideFlags: 0
  m_CorrespondingSourceObject: {fileID: 0}
  m_PrefabInstance: {fileID: 0}
  m_PrefabAsset: {fileID: 0}
  serializedVersion: 6
  m_Component:
  - component: {fileID: 8536569585557134566}
  - component: {fileID: 342353580457389057}
  m_Layer: 0
  m_Name: Alpha_Surface
  m_TagString: Untagged
  m_Icon: {fileID: 0}
  m_NavMeshLayer: 0
  m_StaticEditorFlags: 0
  m_IsActive: 1
--- !u!4 &8536569585557134566
Transform:
  m_ObjectHideFlags: 0
  m_CorrespondingSourceObject: {fileID: 0}
  m_PrefabInstance: {fileID: 0}
  m_PrefabAsset: {fileID: 0}
  m_GameObject: {fileID: 78113024699836384}
  m_LocalRotation: {x: 0, y: -0, z: -0, w: 1}
  m_LocalPosition: {x: -0, y: 0, z: 0}
  m_LocalScale: {x: 1, y: 1, z: 1}
  m_Children: []
  m_Father: {fileID: 6017970241550573513}
  m_RootOrder: 2
  m_LocalEulerAnglesHint: {x: 0, y: 0, z: 0}
--- !u!137 &342353580457389057
SkinnedMeshRenderer:
  m_ObjectHideFlags: 0
  m_CorrespondingSourceObject: {fileID: 0}
  m_PrefabInstance: {fileID: 0}
  m_PrefabAsset: {fileID: 0}
  m_GameObject: {fileID: 78113024699836384}
  m_Enabled: 1
  m_CastShadows: 1
  m_ReceiveShadows: 1
  m_DynamicOccludee: 1
  m_MotionVectors: 1
  m_LightProbeUsage: 1
  m_ReflectionProbeUsage: 1
  m_RayTracingMode: 3
  m_RayTraceProcedural: 0
  m_RenderingLayerMask: 1
  m_RendererPriority: 0
  m_Materials:
  - {fileID: -4565884009001823619, guid: ec72e61e6caa4d24fa78db76e5fdfb61, type: 3}
  m_StaticBatchInfo:
    firstSubMesh: 0
    subMeshCount: 0
  m_StaticBatchRoot: {fileID: 0}
  m_ProbeAnchor: {fileID: 0}
  m_LightProbeVolumeOverride: {fileID: 0}
  m_ScaleInLightmap: 1
  m_ReceiveGI: 1
  m_PreserveUVs: 0
  m_IgnoreNormalsForChartDetection: 0
  m_ImportantGI: 0
  m_StitchLightmapSeams: 1
  m_SelectedEditorRenderState: 3
  m_MinimumChartSize: 4
  m_AutoUVMaxDistance: 0.5
  m_AutoUVMaxAngle: 89
  m_LightmapParameters: {fileID: 0}
  m_SortingLayerID: 0
  m_SortingLayer: 0
  m_SortingOrder: 0
  serializedVersion: 2
  m_Quality: 0
  m_UpdateWhenOffscreen: 0
  m_SkinnedMotionVectors: 1
  m_Mesh: {fileID: 4777371684598551356, guid: ec72e61e6caa4d24fa78db76e5fdfb61, type: 3}
  m_Bones:
  - {fileID: 2293584281071533917}
  - {fileID: 1998625267529698510}
  - {fileID: 4945294771765106726}
  - {fileID: 5844109986123180109}
  - {fileID: 1036651200726688816}
  - {fileID: 425786959239793994}
  - {fileID: 8473751561879337174}
  - {fileID: 311647261017139994}
  - {fileID: 3664198482276714203}
  - {fileID: 1023158955291028961}
  - {fileID: 2782822893808783306}
  - {fileID: 781422532573487624}
  - {fileID: 8656035957356535359}
  - {fileID: 1297222600791831668}
  - {fileID: 8420223359926426104}
  - {fileID: 6512080469130585492}
  - {fileID: 5078180535602213838}
  - {fileID: 4497721205429064810}
  - {fileID: 3607811246040901145}
  - {fileID: 1148923768260814973}
  - {fileID: 4735844379336107537}
  - {fileID: 7309096385198091929}
  - {fileID: 1580037087651937703}
  - {fileID: 599600490369451925}
  - {fileID: 4901611243196716398}
  - {fileID: 3905242854532841919}
  - {fileID: 525553080615495463}
  - {fileID: 8619264721195060618}
  - {fileID: 5601129642659989482}
  - {fileID: 7415655293433162697}
  - {fileID: 868833890255628078}
  - {fileID: 8677155529918972216}
  - {fileID: 2392687134430276828}
  - {fileID: 2874615700314800319}
  - {fileID: 5746784618888988984}
  - {fileID: 2678446470798179972}
  - {fileID: 7485333131463721001}
  - {fileID: 1347674012446700384}
  - {fileID: 3063274359033175854}
  - {fileID: 274075765667305638}
  - {fileID: 6568388868499387255}
  - {fileID: 4939488268951072842}
  - {fileID: 2198873869624526718}
  - {fileID: 8510949554513909322}
  - {fileID: 2689180171509139554}
  - {fileID: 1732833323977619192}
  - {fileID: 6665230807166197342}
  - {fileID: 8968677653505650314}
  - {fileID: 8613962873435522593}
  - {fileID: 3976744392852741887}
  - {fileID: 8400911830005671443}
  - {fileID: 973345181457582220}
  m_BlendShapeWeights: []
  m_RootBone: {fileID: 2293584281071533917}
  m_AABB:
    m_Center: {x: 0.0000009536743, y: -0.09565458, z: 0.021622837}
    m_Extent: {x: 0.97342485, y: 0.90236723, z: 0.18213426}
  m_DirtyAABB: 0
--- !u!1 &82295909270686889
GameObject:
  m_ObjectHideFlags: 0
  m_CorrespondingSourceObject: {fileID: 0}
  m_PrefabInstance: {fileID: 0}
  m_PrefabAsset: {fileID: 0}
  serializedVersion: 6
  m_Component:
  - component: {fileID: 2689180171509139554}
  m_Layer: 0
  m_Name: mixamorig:RightUpLeg
  m_TagString: Untagged
  m_Icon: {fileID: 0}
  m_NavMeshLayer: 0
  m_StaticEditorFlags: 0
  m_IsActive: 1
--- !u!4 &2689180171509139554
Transform:
  m_ObjectHideFlags: 0
  m_CorrespondingSourceObject: {fileID: 0}
  m_PrefabInstance: {fileID: 0}
  m_PrefabAsset: {fileID: 0}
  m_GameObject: {fileID: 82295909270686889}
  m_LocalRotation: {x: -0.000002931613, y: -0.000000013649597, z: 0.00000043784848, w: 1}
  m_LocalPosition: {x: 0.09124453, y: -0.06656398, z: -0.00055377925}
  m_LocalScale: {x: 1, y: 1, z: 1}
  m_Children:
  - {fileID: 1732833323977619192}
  m_Father: {fileID: 2293584281071533917}
  m_RootOrder: 1
  m_LocalEulerAnglesHint: {x: 0, y: 0, z: 0}
--- !u!1 &186073291635907187
GameObject:
  m_ObjectHideFlags: 0
  m_CorrespondingSourceObject: {fileID: 0}
  m_PrefabInstance: {fileID: 0}
  m_PrefabAsset: {fileID: 0}
  serializedVersion: 6
  m_Component:
  - component: {fileID: 5973531836985401960}
  m_Layer: 0
  m_Name: mixamorig:LeftHandPinky4
  m_TagString: Untagged
  m_Icon: {fileID: 0}
  m_NavMeshLayer: 0
  m_StaticEditorFlags: 0
  m_IsActive: 1
--- !u!4 &5973531836985401960
Transform:
  m_ObjectHideFlags: 0
  m_CorrespondingSourceObject: {fileID: 0}
  m_PrefabInstance: {fileID: 0}
  m_PrefabAsset: {fileID: 0}
  m_GameObject: {fileID: 186073291635907187}
  m_LocalRotation: {x: 0, y: -0, z: -0, w: 1}
  m_LocalPosition: {x: -0.029238692, y: 0.000000014407377, z: 0.00000018732128}
  m_LocalScale: {x: 1, y: 1, z: 1}
  m_Children: []
  m_Father: {fileID: 4901611243196716398}
  m_RootOrder: 0
  m_LocalEulerAnglesHint: {x: 0, y: 0, z: 0}
--- !u!1 &534301457384873685
GameObject:
  m_ObjectHideFlags: 0
  m_CorrespondingSourceObject: {fileID: 0}
  m_PrefabInstance: {fileID: 0}
  m_PrefabAsset: {fileID: 0}
  serializedVersion: 6
  m_Component:
  - component: {fileID: 599600490369451925}
  m_Layer: 0
  m_Name: mixamorig:LeftHandPinky2
  m_TagString: Untagged
  m_Icon: {fileID: 0}
  m_NavMeshLayer: 0
  m_StaticEditorFlags: 0
  m_IsActive: 1
--- !u!4 &599600490369451925
Transform:
  m_ObjectHideFlags: 0
  m_CorrespondingSourceObject: {fileID: 0}
  m_PrefabInstance: {fileID: 0}
  m_PrefabAsset: {fileID: 0}
  m_GameObject: {fileID: 534301457384873685}
  m_LocalRotation: {x: 0.00000002980232, y: -0.000000014900387, z: 0.000000014901936, w: 1}
  m_LocalPosition: {x: -0.041366525, y: 0.000000022999533, z: 0.00000026898434}
  m_LocalScale: {x: 1, y: 1, z: 1}
  m_Children:
  - {fileID: 4901611243196716398}
  m_Father: {fileID: 1580037087651937703}
  m_RootOrder: 0
  m_LocalEulerAnglesHint: {x: 0, y: 0, z: 0}
--- !u!1 &1038509528067258990
GameObject:
  m_ObjectHideFlags: 0
  m_CorrespondingSourceObject: {fileID: 0}
  m_PrefabInstance: {fileID: 0}
  m_PrefabAsset: {fileID: 0}
  serializedVersion: 6
  m_Component:
  - component: {fileID: 1580037087651937703}
  m_Layer: 0
  m_Name: mixamorig:LeftHandPinky1
  m_TagString: Untagged
  m_Icon: {fileID: 0}
  m_NavMeshLayer: 0
  m_StaticEditorFlags: 0
  m_IsActive: 1
--- !u!4 &1580037087651937703
Transform:
  m_ObjectHideFlags: 0
  m_CorrespondingSourceObject: {fileID: 0}
  m_PrefabInstance: {fileID: 0}
  m_PrefabAsset: {fileID: 0}
  m_GameObject: {fileID: 1038509528067258990}
  m_LocalRotation: {x: 0.000000029802322, y: -0.000000014901934, z: -0.0000000149003885, w: 1}
  m_LocalPosition: {x: -0.10908195, y: -0.0022636496, z: -0.047258176}
  m_LocalScale: {x: 1, y: 1, z: 1}
  m_Children:
  - {fileID: 599600490369451925}
  m_Father: {fileID: 1023158955291028961}
  m_RootOrder: 2
  m_LocalEulerAnglesHint: {x: 0, y: 0, z: 0}
--- !u!1 &1202398027334116222
GameObject:
  m_ObjectHideFlags: 0
  m_CorrespondingSourceObject: {fileID: 0}
  m_PrefabInstance: {fileID: 0}
  m_PrefabAsset: {fileID: 0}
  serializedVersion: 6
  m_Component:
  - component: {fileID: 8977678629622351929}
  m_Layer: 0
  m_Name: mixamorig:LeftHandThumb4
  m_TagString: Untagged
  m_Icon: {fileID: 0}
  m_NavMeshLayer: 0
  m_StaticEditorFlags: 0
  m_IsActive: 1
--- !u!4 &8977678629622351929
Transform:
  m_ObjectHideFlags: 0
  m_CorrespondingSourceObject: {fileID: 0}
  m_PrefabInstance: {fileID: 0}
  m_PrefabAsset: {fileID: 0}
  m_GameObject: {fileID: 1202398027334116222}
  m_LocalRotation: {x: 0, y: -0, z: -0, w: 1}
  m_LocalPosition: {x: -0.026794039, y: -0.015469446, z: 0.0154692}
  m_LocalScale: {x: 1, y: 1, z: 1}
  m_Children: []
  m_Father: {fileID: 6512080469130585492}
  m_RootOrder: 0
  m_LocalEulerAnglesHint: {x: 0, y: 0, z: 0}
--- !u!1 &1377800924502002718
GameObject:
  m_ObjectHideFlags: 0
  m_CorrespondingSourceObject: {fileID: 0}
  m_PrefabInstance: {fileID: 0}
  m_PrefabAsset: {fileID: 0}
  serializedVersion: 6
  m_Component:
  - component: {fileID: 6874558197103597579}
  m_Layer: 0
  m_Name: mixamorig:RightHandMiddle4
  m_TagString: Untagged
  m_Icon: {fileID: 0}
  m_NavMeshLayer: 0
  m_StaticEditorFlags: 0
  m_IsActive: 1
--- !u!4 &6874558197103597579
Transform:
  m_ObjectHideFlags: 0
  m_CorrespondingSourceObject: {fileID: 0}
  m_PrefabInstance: {fileID: 0}
  m_PrefabAsset: {fileID: 0}
  m_GameObject: {fileID: 1377800924502002718}
  m_LocalRotation: {x: 0, y: -0, z: -0, w: 1}
  m_LocalPosition: {x: 0.036801923, y: -0.000000006576055, z: 0.00000032509809}
  m_LocalScale: {x: 1, y: 1, z: 1}
  m_Children: []
  m_Father: {fileID: 8677155529918972216}
  m_RootOrder: 0
  m_LocalEulerAnglesHint: {x: 0, y: 0, z: 0}
--- !u!1 &1551983607965689245
GameObject:
  m_ObjectHideFlags: 0
  m_CorrespondingSourceObject: {fileID: 0}
  m_PrefabInstance: {fileID: 0}
  m_PrefabAsset: {fileID: 0}
  serializedVersion: 6
  m_Component:
  - component: {fileID: 4184816013333514012}
  m_Layer: 0
  m_Name: mixamorig:LeftHandMiddle4
  m_TagString: Untagged
  m_Icon: {fileID: 0}
  m_NavMeshLayer: 0
  m_StaticEditorFlags: 0
  m_IsActive: 1
--- !u!4 &4184816013333514012
Transform:
  m_ObjectHideFlags: 0
  m_CorrespondingSourceObject: {fileID: 0}
  m_PrefabInstance: {fileID: 0}
  m_PrefabAsset: {fileID: 0}
  m_GameObject: {fileID: 1551983607965689245}
  m_LocalRotation: {x: 0, y: -0, z: -0, w: 1}
  m_LocalPosition: {x: -0.036801923, y: -8.559337e-10, z: 0.00000032769248}
  m_LocalScale: {x: 1, y: 1, z: 1}
  m_Children: []
  m_Father: {fileID: 8656035957356535359}
  m_RootOrder: 0
  m_LocalEulerAnglesHint: {x: 0, y: 0, z: 0}
--- !u!1 &1716359024392492394
GameObject:
  m_ObjectHideFlags: 0
  m_CorrespondingSourceObject: {fileID: 0}
  m_PrefabInstance: {fileID: 0}
  m_PrefabAsset: {fileID: 0}
  serializedVersion: 6
  m_Component:
  - component: {fileID: 1732833323977619192}
  m_Layer: 0
  m_Name: mixamorig:RightLeg
  m_TagString: Untagged
  m_Icon: {fileID: 0}
  m_NavMeshLayer: 0
  m_StaticEditorFlags: 0
  m_IsActive: 1
--- !u!4 &1732833323977619192
Transform:
  m_ObjectHideFlags: 0
  m_CorrespondingSourceObject: {fileID: 0}
  m_PrefabInstance: {fileID: 0}
  m_PrefabAsset: {fileID: 0}
  m_GameObject: {fileID: 1716359024392492394}
  m_LocalRotation: {x: 0.0000065525965, y: -0.000000021011672, z: -2.99793e-11, w: 1}
  m_LocalPosition: {x: 0.002446805, y: -0.40595436, z: -0.0051452797}
  m_LocalScale: {x: 1, y: 1, z: 1}
  m_Children:
  - {fileID: 6665230807166197342}
  m_Father: {fileID: 2689180171509139554}
  m_RootOrder: 0
  m_LocalEulerAnglesHint: {x: 0, y: 0, z: 0}
--- !u!1 &1822924492378064068
GameObject:
  m_ObjectHideFlags: 0
  m_CorrespondingSourceObject: {fileID: 0}
  m_PrefabInstance: {fileID: 0}
  m_PrefabAsset: {fileID: 0}
  serializedVersion: 6
  m_Component:
  - component: {fileID: 8741957627072994699}
  m_Layer: 0
  m_Name: mixamorig:RightEye
  m_TagString: Untagged
  m_Icon: {fileID: 0}
  m_NavMeshLayer: 0
  m_StaticEditorFlags: 0
  m_IsActive: 1
--- !u!4 &8741957627072994699
Transform:
  m_ObjectHideFlags: 0
  m_CorrespondingSourceObject: {fileID: 0}
  m_PrefabInstance: {fileID: 0}
  m_PrefabAsset: {fileID: 0}
  m_GameObject: {fileID: 1822924492378064068}
  m_LocalRotation: {x: 0, y: -0, z: -0, w: 1}
  m_LocalPosition: {x: 0.029444808, y: 0.07681745, z: 0.091204956}
  m_LocalScale: {x: 1, y: 1, z: 1}
  m_Children: []
  m_Father: {fileID: 425786959239793994}
  m_RootOrder: 2
  m_LocalEulerAnglesHint: {x: 0, y: 0, z: 0}
--- !u!1 &1935349356347901695
GameObject:
  m_ObjectHideFlags: 0
  m_CorrespondingSourceObject: {fileID: 0}
  m_PrefabInstance: {fileID: 0}
  m_PrefabAsset: {fileID: 0}
  serializedVersion: 6
  m_Component:
  - component: {fileID: 5844109986123180109}
  m_Layer: 0
  m_Name: mixamorig:Spine2
  m_TagString: Untagged
  m_Icon: {fileID: 0}
  m_NavMeshLayer: 0
  m_StaticEditorFlags: 0
  m_IsActive: 1
--- !u!4 &5844109986123180109
Transform:
  m_ObjectHideFlags: 0
  m_CorrespondingSourceObject: {fileID: 0}
  m_PrefabInstance: {fileID: 0}
  m_PrefabAsset: {fileID: 0}
  m_GameObject: {fileID: 1935349356347901695}
  m_LocalRotation: {x: 0, y: 0, z: 1.8056423e-35, w: 1}
  m_LocalPosition: {x: -0.00000091440717, y: 0.13360204, z: -0.016264597}
  m_LocalScale: {x: 1, y: 1, z: 1}
  m_Children:
  - {fileID: 8473751561879337174}
  - {fileID: 1036651200726688816}
  - {fileID: 3905242854532841919}
  m_Father: {fileID: 4945294771765106726}
  m_RootOrder: 0
  m_LocalEulerAnglesHint: {x: 0, y: 0, z: 0}
--- !u!1 &1996508183363297184
GameObject:
  m_ObjectHideFlags: 0
  m_CorrespondingSourceObject: {fileID: 0}
  m_PrefabInstance: {fileID: 0}
  m_PrefabAsset: {fileID: 0}
  serializedVersion: 6
  m_Component:
  - component: {fileID: 781422532573487624}
  m_Layer: 0
  m_Name: mixamorig:LeftHandMiddle2
  m_TagString: Untagged
  m_Icon: {fileID: 0}
  m_NavMeshLayer: 0
  m_StaticEditorFlags: 0
  m_IsActive: 1
--- !u!4 &781422532573487624
Transform:
  m_ObjectHideFlags: 0
  m_CorrespondingSourceObject: {fileID: 0}
  m_PrefabInstance: {fileID: 0}
  m_PrefabAsset: {fileID: 0}
  m_GameObject: {fileID: 1996508183363297184}
  m_LocalRotation: {x: -0.000000014901161, y: 0.000000014901165, z: -7.764959e-13, w: 1}
  m_LocalPosition: {x: -0.036139715, y: 0.000000026601377, z: 0.000000024623631}
  m_LocalScale: {x: 1, y: 1, z: 1}
  m_Children:
  - {fileID: 8656035957356535359}
  m_Father: {fileID: 2782822893808783306}
  m_RootOrder: 0
  m_LocalEulerAnglesHint: {x: 0, y: 0, z: 0}
--- !u!1 &2254980492549696180
GameObject:
  m_ObjectHideFlags: 0
  m_CorrespondingSourceObject: {fileID: 0}
  m_PrefabInstance: {fileID: 0}
  m_PrefabAsset: {fileID: 0}
  serializedVersion: 6
  m_Component:
  - component: {fileID: 2392687134430276828}
  m_Layer: 0
  m_Name: mixamorig:RightHandThumb1
  m_TagString: Untagged
  m_Icon: {fileID: 0}
  m_NavMeshLayer: 0
  m_StaticEditorFlags: 0
  m_IsActive: 1
--- !u!4 &2392687134430276828
Transform:
  m_ObjectHideFlags: 0
  m_CorrespondingSourceObject: {fileID: 0}
  m_PrefabInstance: {fileID: 0}
  m_PrefabAsset: {fileID: 0}
  m_GameObject: {fileID: 2254980492549696180}
  m_LocalRotation: {x: -0.000010383226, y: -0.000008450052, z: 0.000009578869, w: 1}
  m_LocalPosition: {x: 0.03788809, y: -0.02166998, z: 0.030030873}
  m_LocalScale: {x: 1, y: 1, z: 1}
  m_Children:
  - {fileID: 2874615700314800319}
  m_Father: {fileID: 5601129642659989482}
  m_RootOrder: 4
  m_LocalEulerAnglesHint: {x: 0, y: 0, z: 0}
--- !u!1 &2421987909157204145
GameObject:
  m_ObjectHideFlags: 0
  m_CorrespondingSourceObject: {fileID: 0}
  m_PrefabInstance: {fileID: 0}
  m_PrefabAsset: {fileID: 0}
  serializedVersion: 6
  m_Component:
  - component: {fileID: 6665230807166197342}
  m_Layer: 0
  m_Name: mixamorig:RightFoot
  m_TagString: Untagged
  m_Icon: {fileID: 0}
  m_NavMeshLayer: 0
  m_StaticEditorFlags: 0
  m_IsActive: 1
--- !u!4 &6665230807166197342
Transform:
  m_ObjectHideFlags: 0
  m_CorrespondingSourceObject: {fileID: 0}
  m_PrefabInstance: {fileID: 0}
  m_PrefabAsset: {fileID: 0}
  m_GameObject: {fileID: 2421987909157204145}
  m_LocalRotation: {x: -0.000003650786, y: 0.000000020896566, z: 0.0000000039579957, w: 1}
  m_LocalPosition: {x: -0.0024466943, y: -0.4204787, z: -0.02060231}
  m_LocalScale: {x: 1, y: 1, z: 1}
  m_Children:
  - {fileID: 8968677653505650314}
  m_Father: {fileID: 1732833323977619192}
  m_RootOrder: 0
  m_LocalEulerAnglesHint: {x: 0, y: 0, z: 0}
--- !u!1 &2903836279345129126
GameObject:
  m_ObjectHideFlags: 0
  m_CorrespondingSourceObject: {fileID: 0}
  m_PrefabInstance: {fileID: 0}
  m_PrefabAsset: {fileID: 0}
  serializedVersion: 6
  m_Component:
  - component: {fileID: 2874615700314800319}
  m_Layer: 0
  m_Name: mixamorig:RightHandThumb2
  m_TagString: Untagged
  m_Icon: {fileID: 0}
  m_NavMeshLayer: 0
  m_StaticEditorFlags: 0
  m_IsActive: 1
--- !u!4 &2874615700314800319
Transform:
  m_ObjectHideFlags: 0
  m_CorrespondingSourceObject: {fileID: 0}
  m_PrefabInstance: {fileID: 0}
  m_PrefabAsset: {fileID: 0}
  m_GameObject: {fileID: 2903836279345129126}
  m_LocalRotation: {x: 0.000005132493, y: 0.0000031770373, z: -0.000005675953, w: 1}
  m_LocalPosition: {x: 0.036754426, y: -0.021220084, z: 0.021220122}
  m_LocalScale: {x: 1, y: 1, z: 1}
  m_Children:
  - {fileID: 5746784618888988984}
  m_Father: {fileID: 2392687134430276828}
  m_RootOrder: 0
  m_LocalEulerAnglesHint: {x: 0, y: 0, z: 0}
--- !u!1 &2964872804684911653
GameObject:
  m_ObjectHideFlags: 0
  m_CorrespondingSourceObject: {fileID: 0}
  m_PrefabInstance: {fileID: 0}
  m_PrefabAsset: {fileID: 0}
  serializedVersion: 6
  m_Component:
  - component: {fileID: 4945294771765106726}
  m_Layer: 0
  m_Name: mixamorig:Spine1
  m_TagString: Untagged
  m_Icon: {fileID: 0}
  m_NavMeshLayer: 0
  m_StaticEditorFlags: 0
  m_IsActive: 1
--- !u!4 &4945294771765106726
Transform:
  m_ObjectHideFlags: 0
  m_CorrespondingSourceObject: {fileID: 0}
  m_PrefabInstance: {fileID: 0}
  m_PrefabAsset: {fileID: 0}
  m_GameObject: {fileID: 2964872804684911653}
  m_LocalRotation: {x: 3.8774097e-26, y: -4.2632574e-14, z: 6.82121e-13, w: 1}
  m_LocalPosition: {x: 0.0000013886521, y: 0.1164544, z: -0.014223412}
  m_LocalScale: {x: 1, y: 1, z: 1}
  m_Children:
  - {fileID: 5844109986123180109}
  m_Father: {fileID: 1998625267529698510}
  m_RootOrder: 0
  m_LocalEulerAnglesHint: {x: 0, y: 0, z: 0}
--- !u!1 &2982206231253627420
GameObject:
  m_ObjectHideFlags: 0
  m_CorrespondingSourceObject: {fileID: 0}
  m_PrefabInstance: {fileID: 0}
  m_PrefabAsset: {fileID: 0}
  serializedVersion: 6
  m_Component:
  - component: {fileID: 2782822893808783306}
  m_Layer: 0
  m_Name: mixamorig:LeftHandMiddle1
  m_TagString: Untagged
  m_Icon: {fileID: 0}
  m_NavMeshLayer: 0
  m_StaticEditorFlags: 0
  m_IsActive: 1
--- !u!4 &2782822893808783306
Transform:
  m_ObjectHideFlags: 0
  m_CorrespondingSourceObject: {fileID: 0}
  m_PrefabInstance: {fileID: 0}
  m_PrefabAsset: {fileID: 0}
  m_GameObject: {fileID: 2982206231253627420}
  m_LocalRotation: {x: 0.000000014901159, y: -0.000000044701945, z: 0.00000002980465, w: 1}
  m_LocalPosition: {x: -0.12775522, y: 0.00000013342024, z: 0.00000020418457}
  m_LocalScale: {x: 1, y: 1, z: 1}
  m_Children:
  - {fileID: 781422532573487624}
  m_Father: {fileID: 1023158955291028961}
  m_RootOrder: 1
  m_LocalEulerAnglesHint: {x: 0, y: 0, z: 0}
--- !u!1 &3096952598786693741
GameObject:
  m_ObjectHideFlags: 0
  m_CorrespondingSourceObject: {fileID: 0}
  m_PrefabInstance: {fileID: 0}
  m_PrefabAsset: {fileID: 0}
  serializedVersion: 6
  m_Component:
  - component: {fileID: 2162237207758379873}
  - component: {fileID: 4874326630460904791}
  m_Layer: 0
  m_Name: InputObject
  m_TagString: Untagged
  m_Icon: {fileID: 0}
  m_NavMeshLayer: 0
  m_StaticEditorFlags: 0
  m_IsActive: 1
--- !u!4 &2162237207758379873
Transform:
  m_ObjectHideFlags: 0
  m_CorrespondingSourceObject: {fileID: 0}
  m_PrefabInstance: {fileID: 0}
  m_PrefabAsset: {fileID: 0}
  m_GameObject: {fileID: 3096952598786693741}
  m_LocalRotation: {x: 0, y: 0, z: 0, w: 1}
  m_LocalPosition: {x: 0, y: 0, z: 0}
  m_LocalScale: {x: 1, y: 1, z: 1}
  m_Children: []
  m_Father: {fileID: 6017970241550573513}
  m_RootOrder: 0
  m_LocalEulerAnglesHint: {x: 0, y: 0, z: 0}
--- !u!114 &4874326630460904791
MonoBehaviour:
  m_ObjectHideFlags: 0
  m_CorrespondingSourceObject: {fileID: 0}
  m_PrefabInstance: {fileID: 0}
  m_PrefabAsset: {fileID: 0}
  m_GameObject: {fileID: 3096952598786693741}
  m_Enabled: 1
  m_EditorHideFlags: 0
  m_Script: {fileID: 11500000, guid: 62899f850307741f2a39c98a8b639597, type: 3}
  m_Name: 
  m_EditorClassIdentifier: 
  m_Actions: {fileID: -944628639613478452, guid: 10e280753152eef4896b2e5f1788acb4, type: 3}
  m_NotificationBehavior: 2
  m_UIInputModule: {fileID: 0}
  m_DeviceLostEvent:
    m_PersistentCalls:
      m_Calls: []
  m_DeviceRegainedEvent:
    m_PersistentCalls:
      m_Calls: []
  m_ControlsChangedEvent:
    m_PersistentCalls:
      m_Calls: []
  m_ActionEvents:
  - m_PersistentCalls:
      m_Calls:
      - m_Target: {fileID: 6056947262335170592}
        m_TargetAssemblyTypeName: MoveComponent, Assembly-CSharp
        m_MethodName: OnCall
        m_Mode: 0
        m_Arguments:
          m_ObjectArgument: {fileID: 0}
          m_ObjectArgumentAssemblyTypeName: UnityEngine.Object, UnityEngine
          m_IntArgument: 0
          m_FloatArgument: 0
          m_StringArgument: 
          m_BoolArgument: 0
        m_CallState: 2
    m_ActionId: b4b954ac-553d-48ca-8496-407004daad5e
    m_ActionName: Player/Move[/Keyboard/w,/Keyboard/upArrow,/Keyboard/s,/Keyboard/downArrow,/Keyboard/a,/Keyboard/leftArrow,/Keyboard/d,/Keyboard/rightArrow]
  - m_PersistentCalls:
      m_Calls: []
    m_ActionId: d22ea987-e91f-4c04-beb2-7cbc3a2e21c2
    m_ActionName: Player/Look[/Mouse/delta]
  - m_PersistentCalls:
      m_Calls: []
    m_ActionId: 484aed49-403f-4b1f-8ae4-1b3ea7745b67
    m_ActionName: Player/Attack[/Mouse/leftButton]
  - m_PersistentCalls:
      m_Calls:
      - m_Target: {fileID: 6056947262335170618}
        m_TargetAssemblyTypeName: DashComponent, Assembly-CSharp
        m_MethodName: OnCall
        m_Mode: 0
        m_Arguments:
          m_ObjectArgument: {fileID: 0}
          m_ObjectArgumentAssemblyTypeName: UnityEngine.Object, UnityEngine
          m_IntArgument: 0
          m_FloatArgument: 0
          m_StringArgument: 
          m_BoolArgument: 0
        m_CallState: 2
    m_ActionId: fd8a0d49-592d-4763-925d-cfc8ba80d6b3
    m_ActionName: Player/Dash[/Keyboard/space]
  - m_PersistentCalls:
      m_Calls: []
    m_ActionId: b2dcb7ef-ac1c-4a4d-a46e-286cd1b3d186
    m_ActionName: UI/Navigate[/Keyboard/w,/Keyboard/upArrow,/Keyboard/s,/Keyboard/downArrow,/Keyboard/a,/Keyboard/leftArrow,/Keyboard/d,/Keyboard/rightArrow]
  - m_PersistentCalls:
      m_Calls: []
    m_ActionId: 27ef4803-4d08-4ac8-8266-c614ec2d1975
    m_ActionName: UI/Submit[/Keyboard/enter]
  - m_PersistentCalls:
      m_Calls: []
    m_ActionId: c435e702-db82-4b0c-9df8-82bd82b5036c
    m_ActionName: UI/Cancel[/Keyboard/escape]
  - m_PersistentCalls:
      m_Calls: []
    m_ActionId: ff846597-7fdd-4d59-8ddb-8cb4c1b606c8
    m_ActionName: UI/Point[/Mouse/position]
  - m_PersistentCalls:
      m_Calls: []
    m_ActionId: b30176c2-8fcd-4baa-9d9f-1ddbdc30dd28
    m_ActionName: UI/Click[/Mouse/leftButton]
  - m_PersistentCalls:
      m_Calls: []
    m_ActionId: 81a953eb-13e2-46fb-9392-4752dd95031b
    m_ActionName: UI/ScrollWheel[/Mouse/scroll]
  - m_PersistentCalls:
      m_Calls: []
    m_ActionId: 5f97fcab-436e-4629-bb86-1249e1d7a328
    m_ActionName: UI/MiddleClick[/Mouse/middleButton]
  - m_PersistentCalls:
      m_Calls: []
    m_ActionId: faf79020-849a-4b73-891e-382cc21f1366
    m_ActionName: UI/RightClick[/Mouse/rightButton]
  - m_PersistentCalls:
      m_Calls: []
    m_ActionId: 88051d29-d190-4404-9e0d-407849efe68c
    m_ActionName: UI/TrackedDevicePosition
  - m_PersistentCalls:
      m_Calls: []
    m_ActionId: f8093d1a-a686-4497-a63b-7595ac95a548
    m_ActionName: UI/TrackedDeviceOrientation
  m_NeverAutoSwitchControlSchemes: 0
  m_DefaultControlScheme: Keyboard&Mouse
  m_DefaultActionMap: Player
  m_SplitScreenIndex: -1
  m_Camera: {fileID: 0}
--- !u!1 &3098077982529141662
GameObject:
  m_ObjectHideFlags: 0
  m_CorrespondingSourceObject: {fileID: 0}
  m_PrefabInstance: {fileID: 0}
  m_PrefabAsset: {fileID: 0}
  serializedVersion: 6
  m_Component:
  - component: {fileID: 7415655293433162697}
  m_Layer: 0
  m_Name: mixamorig:RightHandMiddle1
  m_TagString: Untagged
  m_Icon: {fileID: 0}
  m_NavMeshLayer: 0
  m_StaticEditorFlags: 0
  m_IsActive: 1
--- !u!4 &7415655293433162697
Transform:
  m_ObjectHideFlags: 0
  m_CorrespondingSourceObject: {fileID: 0}
  m_PrefabInstance: {fileID: 0}
  m_PrefabAsset: {fileID: 0}
  m_GameObject: {fileID: 3098077982529141662}
  m_LocalRotation: {x: 0.000000014901159, y: 0.000000044701945, z: -0.00000002980465, w: 1}
  m_LocalPosition: {x: 0.12775522, y: 0.000000089457735, z: 0.00000018011639}
  m_LocalScale: {x: 1, y: 1, z: 1}
  m_Children:
  - {fileID: 868833890255628078}
  m_Father: {fileID: 5601129642659989482}
  m_RootOrder: 1
  m_LocalEulerAnglesHint: {x: 0, y: 0, z: 0}
--- !u!1 &3196828983607481613
GameObject:
  m_ObjectHideFlags: 0
  m_CorrespondingSourceObject: {fileID: 0}
  m_PrefabInstance: {fileID: 0}
  m_PrefabAsset: {fileID: 0}
  serializedVersion: 6
  m_Component:
  - component: {fileID: 4497721205429064810}
  m_Layer: 0
  m_Name: mixamorig:LeftHandIndex2
  m_TagString: Untagged
  m_Icon: {fileID: 0}
  m_NavMeshLayer: 0
  m_StaticEditorFlags: 0
  m_IsActive: 1
--- !u!4 &4497721205429064810
Transform:
  m_ObjectHideFlags: 0
  m_CorrespondingSourceObject: {fileID: 0}
  m_PrefabInstance: {fileID: 0}
  m_PrefabAsset: {fileID: 0}
  m_GameObject: {fileID: 3196828983607481613}
  m_LocalRotation: {x: -0.00000010430813, y: 0.000000014901161, z: -7.7516346e-13, w: 1}
  m_LocalPosition: {x: -0.038919672, y: 0.000000016868665, z: 0.00000038721547}
  m_LocalScale: {x: 1, y: 1, z: 1}
  m_Children:
  - {fileID: 3607811246040901145}
  m_Father: {fileID: 5078180535602213838}
  m_RootOrder: 0
  m_LocalEulerAnglesHint: {x: 0, y: 0, z: 0}
--- !u!1 &3337696328447413665
GameObject:
  m_ObjectHideFlags: 0
  m_CorrespondingSourceObject: {fileID: 0}
  m_PrefabInstance: {fileID: 0}
  m_PrefabAsset: {fileID: 0}
  serializedVersion: 6
  m_Component:
  - component: {fileID: 311647261017139994}
  m_Layer: 0
  m_Name: mixamorig:LeftArm
  m_TagString: Untagged
  m_Icon: {fileID: 0}
  m_NavMeshLayer: 0
  m_StaticEditorFlags: 0
  m_IsActive: 1
--- !u!4 &311647261017139994
Transform:
  m_ObjectHideFlags: 0
  m_CorrespondingSourceObject: {fileID: 0}
  m_PrefabInstance: {fileID: 0}
  m_PrefabAsset: {fileID: 0}
  m_GameObject: {fileID: 3337696328447413665}
  m_LocalRotation: {x: 0.000000044703484, y: 2.4507967e-22, z: 0.000000044703484, w: 1}
  m_LocalPosition: {x: -0.12655036, y: -0.0026593448, z: -0.026009219}
  m_LocalScale: {x: 1, y: 1, z: 1}
  m_Children:
  - {fileID: 3664198482276714203}
  m_Father: {fileID: 8473751561879337174}
  m_RootOrder: 0
  m_LocalEulerAnglesHint: {x: 0, y: 0, z: 0}
--- !u!1 &3456958510273742813
GameObject:
  m_ObjectHideFlags: 0
  m_CorrespondingSourceObject: {fileID: 0}
  m_PrefabInstance: {fileID: 0}
  m_PrefabAsset: {fileID: 0}
  serializedVersion: 6
  m_Component:
  - component: {fileID: 8619264721195060618}
  m_Layer: 0
  m_Name: mixamorig:RightForeArm
  m_TagString: Untagged
  m_Icon: {fileID: 0}
  m_NavMeshLayer: 0
  m_StaticEditorFlags: 0
  m_IsActive: 1
--- !u!4 &8619264721195060618
Transform:
  m_ObjectHideFlags: 0
  m_CorrespondingSourceObject: {fileID: 0}
  m_PrefabInstance: {fileID: 0}
  m_PrefabAsset: {fileID: 0}
  m_GameObject: {fileID: 3456958510273742813}
  m_LocalRotation: {x: -0.000000059604638, y: 0.000000003900862, z: -3.0876939e-15, w: 1}
  m_LocalPosition: {x: 0.27404684, y: 0.0000003288411, z: 0.000000052756395}
  m_LocalScale: {x: 1, y: 1, z: 1}
  m_Children:
  - {fileID: 5601129642659989482}
  m_Father: {fileID: 525553080615495463}
  m_RootOrder: 0
  m_LocalEulerAnglesHint: {x: 0, y: 0, z: 0}
--- !u!1 &3620555631937576322
GameObject:
  m_ObjectHideFlags: 0
  m_CorrespondingSourceObject: {fileID: 0}
  m_PrefabInstance: {fileID: 0}
  m_PrefabAsset: {fileID: 0}
  serializedVersion: 6
  m_Component:
  - component: {fileID: 8420223359926426104}
  m_Layer: 0
  m_Name: mixamorig:LeftHandThumb2
  m_TagString: Untagged
  m_Icon: {fileID: 0}
  m_NavMeshLayer: 0
  m_StaticEditorFlags: 0
  m_IsActive: 1
--- !u!4 &8420223359926426104
Transform:
  m_ObjectHideFlags: 0
  m_CorrespondingSourceObject: {fileID: 0}
  m_PrefabInstance: {fileID: 0}
  m_PrefabAsset: {fileID: 0}
  m_GameObject: {fileID: 3620555631937576322}
  m_LocalRotation: {x: 0.000005132493, y: -0.0000031770362, z: 0.0000056908543, w: 1}
  m_LocalPosition: {x: -0.03675443, y: -0.021220079, z: 0.021220123}
  m_LocalScale: {x: 1, y: 1, z: 1}
  m_Children:
  - {fileID: 6512080469130585492}
  m_Father: {fileID: 1297222600791831668}
  m_RootOrder: 0
  m_LocalEulerAnglesHint: {x: 0, y: 0, z: 0}
--- !u!1 &3695697095732001606
GameObject:
  m_ObjectHideFlags: 0
  m_CorrespondingSourceObject: {fileID: 0}
  m_PrefabInstance: {fileID: 0}
  m_PrefabAsset: {fileID: 0}
  serializedVersion: 6
  m_Component:
  - component: {fileID: 425786959239793994}
  m_Layer: 0
  m_Name: mixamorig:Head
  m_TagString: Untagged
  m_Icon: {fileID: 0}
  m_NavMeshLayer: 0
  m_StaticEditorFlags: 0
  m_IsActive: 1
--- !u!4 &425786959239793994
Transform:
  m_ObjectHideFlags: 0
  m_CorrespondingSourceObject: {fileID: 0}
  m_PrefabInstance: {fileID: 0}
  m_PrefabAsset: {fileID: 0}
  m_GameObject: {fileID: 3695697095732001606}
  m_LocalRotation: {x: 0, y: -0, z: -2.3158745e-36, w: 1}
  m_LocalPosition: {x: -0.000000023707482, y: 0.1032183, z: 0.031424288}
  m_LocalScale: {x: 1, y: 1, z: 1}
  m_Children:
  - {fileID: 3220634336082545060}
  - {fileID: 6158540382375380743}
  - {fileID: 8741957627072994699}
  m_Father: {fileID: 1036651200726688816}
  m_RootOrder: 0
  m_LocalEulerAnglesHint: {x: 0, y: 0, z: 0}
--- !u!1 &3972134890473733270
GameObject:
  m_ObjectHideFlags: 0
  m_CorrespondingSourceObject: {fileID: 0}
  m_PrefabInstance: {fileID: 0}
  m_PrefabAsset: {fileID: 0}
  serializedVersion: 6
  m_Component:
  - component: {fileID: 8400911830005671443}
  m_Layer: 0
  m_Name: mixamorig:LeftFoot
  m_TagString: Untagged
  m_Icon: {fileID: 0}
  m_NavMeshLayer: 0
  m_StaticEditorFlags: 0
  m_IsActive: 1
--- !u!4 &8400911830005671443
Transform:
  m_ObjectHideFlags: 0
  m_CorrespondingSourceObject: {fileID: 0}
  m_PrefabInstance: {fileID: 0}
  m_PrefabAsset: {fileID: 0}
  m_GameObject: {fileID: 3972134890473733270}
  m_LocalRotation: {x: -0.000018015498, y: -0.00000010461389, z: -0.0000000013931898, w: 1}
  m_LocalPosition: {x: 0.002446696, y: -0.42047998, z: -0.020576412}
  m_LocalScale: {x: 1, y: 1, z: 1}
  m_Children:
  - {fileID: 973345181457582220}
  m_Father: {fileID: 3976744392852741887}
  m_RootOrder: 0
  m_LocalEulerAnglesHint: {x: 0, y: 0, z: 0}
--- !u!1 &4051000392728958888
GameObject:
  m_ObjectHideFlags: 0
  m_CorrespondingSourceObject: {fileID: 0}
  m_PrefabInstance: {fileID: 0}
  m_PrefabAsset: {fileID: 0}
  serializedVersion: 6
  m_Component:
  - component: {fileID: 7309096385198091929}
  m_Layer: 0
  m_Name: mixamorig:LeftHandRing3
  m_TagString: Untagged
  m_Icon: {fileID: 0}
  m_NavMeshLayer: 0
  m_StaticEditorFlags: 0
  m_IsActive: 1
--- !u!4 &7309096385198091929
Transform:
  m_ObjectHideFlags: 0
  m_CorrespondingSourceObject: {fileID: 0}
  m_PrefabInstance: {fileID: 0}
  m_PrefabAsset: {fileID: 0}
  m_GameObject: {fileID: 4051000392728958888}
  m_LocalRotation: {x: 0.00000005960464, y: -0.000000014900386, z: 0.000000014901934, w: 1}
  m_LocalPosition: {x: -0.03307317, y: 0.000000045317442, z: -0.00000020893265}
  m_LocalScale: {x: 1, y: 1, z: 1}
  m_Children:
  - {fileID: 2777837778321810976}
  m_Father: {fileID: 4735844379336107537}
  m_RootOrder: 0
  m_LocalEulerAnglesHint: {x: 0, y: 0, z: 0}
--- !u!1 &4208621595840097747
GameObject:
  m_ObjectHideFlags: 0
  m_CorrespondingSourceObject: {fileID: 0}
  m_PrefabInstance: {fileID: 0}
  m_PrefabAsset: {fileID: 0}
  serializedVersion: 6
  m_Component:
  - component: {fileID: 4901611243196716398}
  m_Layer: 0
  m_Name: mixamorig:LeftHandPinky3
  m_TagString: Untagged
  m_Icon: {fileID: 0}
  m_NavMeshLayer: 0
  m_StaticEditorFlags: 0
  m_IsActive: 1
--- !u!4 &4901611243196716398
Transform:
  m_ObjectHideFlags: 0
  m_CorrespondingSourceObject: {fileID: 0}
  m_PrefabInstance: {fileID: 0}
  m_PrefabAsset: {fileID: 0}
  m_GameObject: {fileID: 4208621595840097747}
  m_LocalRotation: {x: -0.000000059604645, y: -0.000000029803868, z: -0.000000029800773, w: 1}
  m_LocalPosition: {x: -0.025948359, y: 5.93904e-10, z: -0.00000036009018}
  m_LocalScale: {x: 1, y: 1, z: 1}
  m_Children:
  - {fileID: 5973531836985401960}
  m_Father: {fileID: 599600490369451925}
  m_RootOrder: 0
  m_LocalEulerAnglesHint: {x: 0, y: 0, z: 0}
--- !u!1 &4277059221795919105
GameObject:
  m_ObjectHideFlags: 0
  m_CorrespondingSourceObject: {fileID: 0}
  m_PrefabInstance: {fileID: 0}
  m_PrefabAsset: {fileID: 0}
  serializedVersion: 6
  m_Component:
  - component: {fileID: 4299514220251205160}
  m_Layer: 0
  m_Name: mixamorig:RightToe_End
  m_TagString: Untagged
  m_Icon: {fileID: 0}
  m_NavMeshLayer: 0
  m_StaticEditorFlags: 0
  m_IsActive: 1
--- !u!4 &4299514220251205160
Transform:
  m_ObjectHideFlags: 0
  m_CorrespondingSourceObject: {fileID: 0}
  m_PrefabInstance: {fileID: 0}
  m_PrefabAsset: {fileID: 0}
  m_GameObject: {fileID: 4277059221795919105}
  m_LocalRotation: {x: 0, y: -0, z: -0, w: 1}
  m_LocalPosition: {x: -0.0000000011347395, y: 0.000000004587741, z: 0.09992521}
  m_LocalScale: {x: 1, y: 1, z: 1}
  m_Children: []
  m_Father: {fileID: 8968677653505650314}
  m_RootOrder: 0
  m_LocalEulerAnglesHint: {x: 0, y: 0, z: 0}
--- !u!1 &4346697751373426787
GameObject:
  m_ObjectHideFlags: 0
  m_CorrespondingSourceObject: {fileID: 0}
  m_PrefabInstance: {fileID: 0}
  m_PrefabAsset: {fileID: 0}
  serializedVersion: 6
  m_Component:
  - component: {fileID: 7788711440111422810}
  m_Layer: 0
  m_Name: mixamorig:LeftToe_End
  m_TagString: Untagged
  m_Icon: {fileID: 0}
  m_NavMeshLayer: 0
  m_StaticEditorFlags: 0
  m_IsActive: 1
--- !u!4 &7788711440111422810
Transform:
  m_ObjectHideFlags: 0
  m_CorrespondingSourceObject: {fileID: 0}
  m_PrefabInstance: {fileID: 0}
  m_PrefabAsset: {fileID: 0}
  m_GameObject: {fileID: 4346697751373426787}
  m_LocalRotation: {x: 0, y: -0, z: -0, w: 1}
  m_LocalPosition: {x: 0.000000002053664, y: 0.000000009634096, z: 0.09992521}
  m_LocalScale: {x: 1, y: 1, z: 1}
  m_Children: []
  m_Father: {fileID: 973345181457582220}
  m_RootOrder: 0
  m_LocalEulerAnglesHint: {x: 0, y: 0, z: 0}
--- !u!1 &4370065068733181899
GameObject:
  m_ObjectHideFlags: 0
  m_CorrespondingSourceObject: {fileID: 0}
  m_PrefabInstance: {fileID: 0}
  m_PrefabAsset: {fileID: 0}
  serializedVersion: 6
  m_Component:
  - component: {fileID: 14349286062323698}
  m_Layer: 0
  m_Name: mixamorig:RightHandPinky4
  m_TagString: Untagged
  m_Icon: {fileID: 0}
  m_NavMeshLayer: 0
  m_StaticEditorFlags: 0
  m_IsActive: 1
--- !u!4 &14349286062323698
Transform:
  m_ObjectHideFlags: 0
  m_CorrespondingSourceObject: {fileID: 0}
  m_PrefabInstance: {fileID: 0}
  m_PrefabAsset: {fileID: 0}
  m_GameObject: {fileID: 4370065068733181899}
  m_LocalRotation: {x: 0, y: -0, z: -0, w: 1}
  m_LocalPosition: {x: 0.029238692, y: 0.00000000641227, z: 0.00000018695744}
  m_LocalScale: {x: 1, y: 1, z: 1}
  m_Children: []
  m_Father: {fileID: 8510949554513909322}
  m_RootOrder: 0
  m_LocalEulerAnglesHint: {x: 0, y: 0, z: 0}
--- !u!1 &4558173353846918621
GameObject:
  m_ObjectHideFlags: 0
  m_CorrespondingSourceObject: {fileID: 0}
  m_PrefabInstance: {fileID: 0}
  m_PrefabAsset: {fileID: 0}
  serializedVersion: 6
  m_Component:
  - component: {fileID: 3063274359033175854}
  m_Layer: 0
  m_Name: mixamorig:RightHandRing1
  m_TagString: Untagged
  m_Icon: {fileID: 0}
  m_NavMeshLayer: 0
  m_StaticEditorFlags: 0
  m_IsActive: 1
--- !u!4 &3063274359033175854
Transform:
  m_ObjectHideFlags: 0
  m_CorrespondingSourceObject: {fileID: 0}
  m_PrefabInstance: {fileID: 0}
  m_PrefabAsset: {fileID: 0}
  m_GameObject: {fileID: 4558173353846918621}
  m_LocalRotation: {x: 0.00000002980232, y: 0.000000029801548, z: -0.000000014902708, w: 1}
  m_LocalPosition: {x: 0.12147004, y: 0.00009890902, z: -0.022166314}
  m_LocalScale: {x: 1, y: 1, z: 1}
  m_Children:
  - {fileID: 274075765667305638}
  m_Father: {fileID: 5601129642659989482}
  m_RootOrder: 3
  m_LocalEulerAnglesHint: {x: 0, y: 0, z: 0}
--- !u!1 &4603856180370865615
GameObject:
  m_ObjectHideFlags: 0
  m_CorrespondingSourceObject: {fileID: 0}
  m_PrefabInstance: {fileID: 0}
  m_PrefabAsset: {fileID: 0}
  serializedVersion: 6
  m_Component:
  - component: {fileID: 1297222600791831668}
  m_Layer: 0
  m_Name: mixamorig:LeftHandThumb1
  m_TagString: Untagged
  m_Icon: {fileID: 0}
  m_NavMeshLayer: 0
  m_StaticEditorFlags: 0
  m_IsActive: 1
--- !u!4 &1297222600791831668
Transform:
  m_ObjectHideFlags: 0
  m_CorrespondingSourceObject: {fileID: 0}
  m_PrefabInstance: {fileID: 0}
  m_PrefabAsset: {fileID: 0}
  m_GameObject: {fileID: 4603856180370865615}
  m_LocalRotation: {x: -0.000010383226, y: 0.000008450052, z: -0.000009578869, w: 1}
  m_LocalPosition: {x: -0.037888095, y: -0.021669967, z: 0.03003088}
  m_LocalScale: {x: 1, y: 1, z: 1}
  m_Children:
  - {fileID: 8420223359926426104}
  m_Father: {fileID: 1023158955291028961}
  m_RootOrder: 4
  m_LocalEulerAnglesHint: {x: 0, y: 0, z: 0}
--- !u!1 &4735524697185440921
GameObject:
  m_ObjectHideFlags: 0
  m_CorrespondingSourceObject: {fileID: 0}
  m_PrefabInstance: {fileID: 0}
  m_PrefabAsset: {fileID: 0}
  serializedVersion: 6
  m_Component:
  - component: {fileID: 1998625267529698510}
  m_Layer: 0
  m_Name: mixamorig:Spine
  m_TagString: Untagged
  m_Icon: {fileID: 0}
  m_NavMeshLayer: 0
  m_StaticEditorFlags: 0
  m_IsActive: 1
--- !u!4 &1998625267529698510
Transform:
  m_ObjectHideFlags: 0
  m_CorrespondingSourceObject: {fileID: 0}
  m_PrefabInstance: {fileID: 0}
  m_PrefabAsset: {fileID: 0}
  m_GameObject: {fileID: 4735524697185440921}
  m_LocalRotation: {x: -1.3930783e-15, y: -0.00000001376344, z: 0.00000044177568, w: 1}
  m_LocalPosition: {x: -0.0000000056483196, y: 0.09923459, z: -0.012273348}
  m_LocalScale: {x: 1, y: 1, z: 1}
  m_Children:
  - {fileID: 4945294771765106726}
  m_Father: {fileID: 2293584281071533917}
  m_RootOrder: 2
  m_LocalEulerAnglesHint: {x: 0, y: 0, z: 0}
--- !u!1 &4886095098465142953
GameObject:
  m_ObjectHideFlags: 0
  m_CorrespondingSourceObject: {fileID: 0}
  m_PrefabInstance: {fileID: 0}
  m_PrefabAsset: {fileID: 0}
  serializedVersion: 6
  m_Component:
  - component: {fileID: 4735844379336107537}
  m_Layer: 0
  m_Name: mixamorig:LeftHandRing2
  m_TagString: Untagged
  m_Icon: {fileID: 0}
  m_NavMeshLayer: 0
  m_StaticEditorFlags: 0
  m_IsActive: 1
--- !u!4 &4735844379336107537
Transform:
  m_ObjectHideFlags: 0
  m_CorrespondingSourceObject: {fileID: 0}
  m_PrefabInstance: {fileID: 0}
  m_PrefabAsset: {fileID: 0}
  m_GameObject: {fileID: 4886095098465142953}
  m_LocalRotation: {x: -0.000000029802319, y: 0.000000029799999, z: -0.000000044705025, w: 1}
  m_LocalPosition: {x: -0.036011904, y: 0.000000015129366, z: 0.0000003511219}
  m_LocalScale: {x: 1, y: 1, z: 1}
  m_Children:
  - {fileID: 7309096385198091929}
  m_Father: {fileID: 1148923768260814973}
  m_RootOrder: 0
  m_LocalEulerAnglesHint: {x: 0, y: 0, z: 0}
--- !u!1 &4965898057633731862
GameObject:
  m_ObjectHideFlags: 0
  m_CorrespondingSourceObject: {fileID: 0}
  m_PrefabInstance: {fileID: 0}
  m_PrefabAsset: {fileID: 0}
  serializedVersion: 6
  m_Component:
  - component: {fileID: 3607811246040901145}
  m_Layer: 0
  m_Name: mixamorig:LeftHandIndex3
  m_TagString: Untagged
  m_Icon: {fileID: 0}
  m_NavMeshLayer: 0
  m_StaticEditorFlags: 0
  m_IsActive: 1
--- !u!4 &3607811246040901145
Transform:
  m_ObjectHideFlags: 0
  m_CorrespondingSourceObject: {fileID: 0}
  m_PrefabInstance: {fileID: 0}
  m_PrefabAsset: {fileID: 0}
  m_GameObject: {fileID: 4965898057633731862}
  m_LocalRotation: {x: 7.528409e-15, y: 0.0000000148980766, z: -0.000000059605426, w: 1}
  m_LocalPosition: {x: -0.03415161, y: 0.000000005749108, z: -0.00000008770533}
  m_LocalScale: {x: 1, y: 1, z: 1}
  m_Children:
  - {fileID: 6365724609424137404}
  m_Father: {fileID: 4497721205429064810}
  m_RootOrder: 0
  m_LocalEulerAnglesHint: {x: 0, y: 0, z: 0}
--- !u!1 &5087915524129574863
GameObject:
  m_ObjectHideFlags: 0
  m_CorrespondingSourceObject: {fileID: 0}
  m_PrefabInstance: {fileID: 0}
  m_PrefabAsset: {fileID: 0}
  serializedVersion: 6
  m_Component:
  - component: {fileID: 973345181457582220}
  m_Layer: 0
  m_Name: mixamorig:LeftToeBase
  m_TagString: Untagged
  m_Icon: {fileID: 0}
  m_NavMeshLayer: 0
  m_StaticEditorFlags: 0
  m_IsActive: 1
--- !u!4 &973345181457582220
Transform:
  m_ObjectHideFlags: 0
  m_CorrespondingSourceObject: {fileID: 0}
  m_PrefabInstance: {fileID: 0}
  m_PrefabAsset: {fileID: 0}
  m_GameObject: {fileID: 5087915524129574863}
  m_LocalRotation: {x: 0.000000004649337, y: 1.1698642e-10, z: 9.313231e-10, w: 1}
  m_LocalPosition: {x: -0.0037335982, y: -0.10492193, z: 0.12640664}
  m_LocalScale: {x: 1, y: 1, z: 1}
  m_Children:
  - {fileID: 7788711440111422810}
  m_Father: {fileID: 8400911830005671443}
  m_RootOrder: 0
  m_LocalEulerAnglesHint: {x: 0, y: 0, z: 0}
--- !u!1 &5270616090976906875
GameObject:
  m_ObjectHideFlags: 0
  m_CorrespondingSourceObject: {fileID: 0}
  m_PrefabInstance: {fileID: 0}
  m_PrefabAsset: {fileID: 0}
  serializedVersion: 6
  m_Component:
  - component: {fileID: 4939488268951072842}
  m_Layer: 0
  m_Name: mixamorig:RightHandPinky1
  m_TagString: Untagged
  m_Icon: {fileID: 0}
  m_NavMeshLayer: 0
  m_StaticEditorFlags: 0
  m_IsActive: 1
--- !u!4 &4939488268951072842
Transform:
  m_ObjectHideFlags: 0
  m_CorrespondingSourceObject: {fileID: 0}
  m_PrefabInstance: {fileID: 0}
  m_PrefabAsset: {fileID: 0}
  m_GameObject: {fileID: 5270616090976906875}
  m_LocalRotation: {x: 0.00000007450581, y: 7.7383114e-13, z: 0.000000014901159, w: 1}
  m_LocalPosition: {x: 0.10908193, y: -0.002263685, z: -0.0472582}
  m_LocalScale: {x: 1, y: 1, z: 1}
  m_Children:
  - {fileID: 2198873869624526718}
  m_Father: {fileID: 5601129642659989482}
  m_RootOrder: 2
  m_LocalEulerAnglesHint: {x: 0, y: 0, z: 0}
--- !u!1 &5330186572242321686
GameObject:
  m_ObjectHideFlags: 0
  m_CorrespondingSourceObject: {fileID: 0}
  m_PrefabInstance: {fileID: 0}
  m_PrefabAsset: {fileID: 0}
  serializedVersion: 6
  m_Component:
  - component: {fileID: 8677155529918972216}
  m_Layer: 0
  m_Name: mixamorig:RightHandMiddle3
  m_TagString: Untagged
  m_Icon: {fileID: 0}
  m_NavMeshLayer: 0
  m_StaticEditorFlags: 0
  m_IsActive: 1
--- !u!4 &8677155529918972216
Transform:
  m_ObjectHideFlags: 0
  m_CorrespondingSourceObject: {fileID: 0}
  m_PrefabInstance: {fileID: 0}
  m_PrefabAsset: {fileID: 0}
  m_GameObject: {fileID: 5330186572242321686}
  m_LocalRotation: {x: 0.000000059604645, y: 0.000000029804642, z: 0.000000044701938, w: 1}
  m_LocalPosition: {x: 0.0345976, y: -0.0000000019721824, z: -0.0000002645789}
  m_LocalScale: {x: 1, y: 1, z: 1}
  m_Children:
  - {fileID: 6874558197103597579}
  m_Father: {fileID: 868833890255628078}
  m_RootOrder: 0
  m_LocalEulerAnglesHint: {x: 0, y: 0, z: 0}
--- !u!1 &5609169839230319181
GameObject:
  m_ObjectHideFlags: 0
  m_CorrespondingSourceObject: {fileID: 0}
  m_PrefabInstance: {fileID: 0}
  m_PrefabAsset: {fileID: 0}
  serializedVersion: 6
  m_Component:
  - component: {fileID: 2678446470798179972}
  m_Layer: 0
  m_Name: mixamorig:RightHandIndex1
  m_TagString: Untagged
  m_Icon: {fileID: 0}
  m_NavMeshLayer: 0
  m_StaticEditorFlags: 0
  m_IsActive: 1
--- !u!4 &2678446470798179972
Transform:
  m_ObjectHideFlags: 0
  m_CorrespondingSourceObject: {fileID: 0}
  m_PrefabInstance: {fileID: 0}
  m_PrefabAsset: {fileID: 0}
  m_GameObject: {fileID: 5609169839230319181}
  m_LocalRotation: {x: 0.000000014901163, y: 7.7294296e-13, z: 0.00000001490116, w: 1}
  m_LocalPosition: {x: 0.12266616, y: -0.002316732, z: 0.028220555}
  m_LocalScale: {x: 1, y: 1, z: 1}
  m_Children:
  - {fileID: 7485333131463721001}
  m_Father: {fileID: 5601129642659989482}
  m_RootOrder: 0
  m_LocalEulerAnglesHint: {x: 0, y: 0, z: 0}
--- !u!1 &5886667411801280514
GameObject:
  m_ObjectHideFlags: 0
  m_CorrespondingSourceObject: {fileID: 0}
  m_PrefabInstance: {fileID: 0}
  m_PrefabAsset: {fileID: 0}
  serializedVersion: 6
  m_Component:
  - component: {fileID: 2198873869624526718}
  m_Layer: 0
  m_Name: mixamorig:RightHandPinky2
  m_TagString: Untagged
  m_Icon: {fileID: 0}
  m_NavMeshLayer: 0
  m_StaticEditorFlags: 0
  m_IsActive: 1
--- !u!4 &2198873869624526718
Transform:
  m_ObjectHideFlags: 0
  m_CorrespondingSourceObject: {fileID: 0}
  m_PrefabInstance: {fileID: 0}
  m_PrefabAsset: {fileID: 0}
  m_GameObject: {fileID: 5886667411801280514}
  m_LocalRotation: {x: -0.000000014901161, y: 0.000000029801548, z: -0.000000014902708, w: 1}
  m_LocalPosition: {x: 0.041366525, y: 0.000000004310631, z: 0.00000025609583}
  m_LocalScale: {x: 1, y: 1, z: 1}
  m_Children:
  - {fileID: 8510949554513909322}
  m_Father: {fileID: 4939488268951072842}
  m_RootOrder: 0
  m_LocalEulerAnglesHint: {x: 0, y: 0, z: 0}
--- !u!1 &6065799357055825627
GameObject:
  m_ObjectHideFlags: 0
  m_CorrespondingSourceObject: {fileID: 0}
  m_PrefabInstance: {fileID: 0}
  m_PrefabAsset: {fileID: 0}
  serializedVersion: 6
  m_Component:
  - component: {fileID: 3905242854532841919}
  m_Layer: 0
  m_Name: mixamorig:RightShoulder
  m_TagString: Untagged
  m_Icon: {fileID: 0}
  m_NavMeshLayer: 0
  m_StaticEditorFlags: 0
  m_IsActive: 1
--- !u!4 &3905242854532841919
Transform:
  m_ObjectHideFlags: 0
  m_CorrespondingSourceObject: {fileID: 0}
  m_PrefabInstance: {fileID: 0}
  m_PrefabAsset: {fileID: 0}
  m_GameObject: {fileID: 6065799357055825627}
  m_LocalRotation: {x: -0.000000014901161, y: 4.2632564e-14, z: -0.000000044703256, w: 1}
  m_LocalPosition: {x: 0.06105696, y: 0.09110509, z: 0.007055634}
  m_LocalScale: {x: 1, y: 1, z: 1}
  m_Children:
  - {fileID: 525553080615495463}
  m_Father: {fileID: 5844109986123180109}
  m_RootOrder: 2
  m_LocalEulerAnglesHint: {x: 0, y: 0, z: 0}
--- !u!1 &6201943813663652452
GameObject:
  m_ObjectHideFlags: 0
  m_CorrespondingSourceObject: {fileID: 0}
  m_PrefabInstance: {fileID: 0}
  m_PrefabAsset: {fileID: 0}
  serializedVersion: 6
  m_Component:
  - component: {fileID: 525553080615495463}
  m_Layer: 0
  m_Name: mixamorig:RightArm
  m_TagString: Untagged
  m_Icon: {fileID: 0}
  m_NavMeshLayer: 0
  m_StaticEditorFlags: 0
  m_IsActive: 1
--- !u!4 &525553080615495463
Transform:
  m_ObjectHideFlags: 0
  m_CorrespondingSourceObject: {fileID: 0}
  m_PrefabInstance: {fileID: 0}
  m_PrefabAsset: {fileID: 0}
  m_GameObject: {fileID: 6201943813663652452}
  m_LocalRotation: {x: 0.000000014901161, y: 7.7756505e-24, z: 0.000000044703484, w: 1}
  m_LocalPosition: {x: 0.1265504, y: -0.0026602063, z: -0.026008958}
  m_LocalScale: {x: 1, y: 1, z: 1}
  m_Children:
  - {fileID: 8619264721195060618}
  m_Father: {fileID: 3905242854532841919}
  m_RootOrder: 0
  m_LocalEulerAnglesHint: {x: 0, y: 0, z: 0}
--- !u!1 &6399598166824322419
GameObject:
  m_ObjectHideFlags: 0
  m_CorrespondingSourceObject: {fileID: 0}
  m_PrefabInstance: {fileID: 0}
  m_PrefabAsset: {fileID: 0}
  serializedVersion: 6
  m_Component:
  - component: {fileID: 6017970241550573513}
  - component: {fileID: 6056947262335170623}
  - component: {fileID: 6056947262335170622}
  - component: {fileID: 6056947262335170621}
  - component: {fileID: 6056947262335170592}
  - component: {fileID: 6056947262335170618}
  m_Layer: 0
  m_Name: Player
  m_TagString: Player
  m_Icon: {fileID: 0}
  m_NavMeshLayer: 0
  m_StaticEditorFlags: 0
  m_IsActive: 1
--- !u!4 &6017970241550573513
Transform:
  m_ObjectHideFlags: 0
  m_CorrespondingSourceObject: {fileID: 0}
  m_PrefabInstance: {fileID: 0}
  m_PrefabAsset: {fileID: 0}
  m_GameObject: {fileID: 6399598166824322419}
  m_LocalRotation: {x: 0, y: 0, z: 0, w: 1}
  m_LocalPosition: {x: 0, y: 0, z: 0}
  m_LocalScale: {x: 1, y: 1, z: 1}
  m_Children:
  - {fileID: 2162237207758379873}
  - {fileID: 6320461525978949159}
  - {fileID: 8536569585557134566}
  - {fileID: 2293584281071533917}
  m_Father: {fileID: 0}
  m_RootOrder: 0
  m_LocalEulerAnglesHint: {x: 0, y: 0, z: 0}
--- !u!54 &6056947262335170623
Rigidbody:
  m_ObjectHideFlags: 0
  m_CorrespondingSourceObject: {fileID: 0}
  m_PrefabInstance: {fileID: 0}
  m_PrefabAsset: {fileID: 0}
  m_GameObject: {fileID: 6399598166824322419}
  serializedVersion: 2
  m_Mass: 5
  m_Drag: 0
  m_AngularDrag: 0.05
  m_UseGravity: 1
  m_IsKinematic: 0
  m_Interpolate: 0
  m_Constraints: 80
  m_CollisionDetection: 0
--- !u!136 &6056947262335170622
CapsuleCollider:
  m_ObjectHideFlags: 0
  m_CorrespondingSourceObject: {fileID: 0}
  m_PrefabInstance: {fileID: 0}
  m_PrefabAsset: {fileID: 0}
  m_GameObject: {fileID: 6399598166824322419}
  m_Material: {fileID: 0}
  m_IsTrigger: 0
  m_Enabled: 1
  m_Radius: 0.5
  m_Height: 2
  m_Direction: 1
  m_Center: {x: 0, y: 1, z: 0}
--- !u!95 &6056947262335170621
Animator:
  serializedVersion: 3
  m_ObjectHideFlags: 0
  m_CorrespondingSourceObject: {fileID: 0}
  m_PrefabInstance: {fileID: 0}
  m_PrefabAsset: {fileID: 0}
  m_GameObject: {fileID: 6399598166824322419}
  m_Enabled: 1
  m_Avatar: {fileID: 9000000, guid: ec72e61e6caa4d24fa78db76e5fdfb61, type: 3}
  m_Controller: {fileID: 9100000, guid: 858936998aa715d4abedfb5acdc5490e, type: 2}
  m_CullingMode: 0
  m_UpdateMode: 0
  m_ApplyRootMotion: 0
  m_LinearVelocityBlending: 0
  m_WarningMessage: 
  m_HasTransformHierarchy: 1
  m_AllowConstantClipSamplingOptimization: 1
  m_KeepAnimatorControllerStateOnDisable: 0
--- !u!114 &6056947262335170592
MonoBehaviour:
  m_ObjectHideFlags: 0
  m_CorrespondingSourceObject: {fileID: 0}
  m_PrefabInstance: {fileID: 0}
  m_PrefabAsset: {fileID: 0}
  m_GameObject: {fileID: 6399598166824322419}
  m_Enabled: 1
  m_EditorHideFlags: 0
  m_Script: {fileID: 11500000, guid: 08c2fad290bd1ec418049a476b41eeff, type: 3}
  m_Name: 
  m_EditorClassIdentifier: 
  acceleration: 8
  turnSpeed: 30
--- !u!114 &6056947262335170618
MonoBehaviour:
  m_ObjectHideFlags: 0
  m_CorrespondingSourceObject: {fileID: 0}
  m_PrefabInstance: {fileID: 0}
  m_PrefabAsset: {fileID: 0}
  m_GameObject: {fileID: 6399598166824322419}
  m_Enabled: 1
  m_EditorHideFlags: 0
  m_Script: {fileID: 11500000, guid: 7f258ce7f42028144b038369a899df8a, type: 3}
  m_Name: 
  m_EditorClassIdentifier: 
  dashDuration: 0.3
  dashAcceleration: 10
  dashComboInterval: 2.3
  dashGap: 0.5
--- !u!1 &6512477224677609815
GameObject:
  m_ObjectHideFlags: 0
  m_CorrespondingSourceObject: {fileID: 0}
  m_PrefabInstance: {fileID: 0}
  m_PrefabAsset: {fileID: 0}
  serializedVersion: 6
  m_Component:
  - component: {fileID: 6291409465393568618}
  m_Layer: 0
  m_Name: mixamorig:RightHandThumb4
  m_TagString: Untagged
  m_Icon: {fileID: 0}
  m_NavMeshLayer: 0
  m_StaticEditorFlags: 0
  m_IsActive: 1
--- !u!4 &6291409465393568618
Transform:
  m_ObjectHideFlags: 0
  m_CorrespondingSourceObject: {fileID: 0}
  m_PrefabInstance: {fileID: 0}
  m_PrefabAsset: {fileID: 0}
  m_GameObject: {fileID: 6512477224677609815}
  m_LocalRotation: {x: 0, y: -0, z: -0, w: 1}
  m_LocalPosition: {x: 0.026794035, y: -0.015469455, z: 0.015469198}
  m_LocalScale: {x: 1, y: 1, z: 1}
  m_Children: []
  m_Father: {fileID: 5746784618888988984}
  m_RootOrder: 0
  m_LocalEulerAnglesHint: {x: 0, y: 0, z: 0}
--- !u!1 &6560506525695075880
GameObject:
  m_ObjectHideFlags: 0
  m_CorrespondingSourceObject: {fileID: 0}
  m_PrefabInstance: {fileID: 0}
  m_PrefabAsset: {fileID: 0}
  serializedVersion: 6
  m_Component:
  - component: {fileID: 2293584281071533917}
  m_Layer: 0
  m_Name: mixamorig:Hips
  m_TagString: Untagged
  m_Icon: {fileID: 0}
  m_NavMeshLayer: 0
  m_StaticEditorFlags: 0
  m_IsActive: 1
--- !u!4 &2293584281071533917
Transform:
  m_ObjectHideFlags: 0
  m_CorrespondingSourceObject: {fileID: 0}
  m_PrefabInstance: {fileID: 0}
  m_PrefabAsset: {fileID: 0}
  m_GameObject: {fileID: 6560506525695075880}
  m_LocalRotation: {x: 1.3930912e-15, y: 0.00000001376344, z: -0.0000004417766, w: 1}
  m_LocalPosition: {x: 0.00000006757011, y: 0.9979194, z: 0.000000484474}
  m_LocalScale: {x: 1, y: 1, z: 1}
  m_Children:
  - {fileID: 8613962873435522593}
  - {fileID: 2689180171509139554}
  - {fileID: 1998625267529698510}
  m_Father: {fileID: 6017970241550573513}
  m_RootOrder: 3
  m_LocalEulerAnglesHint: {x: 0, y: 0, z: 0}
--- !u!1 &7056048318661427985
GameObject:
  m_ObjectHideFlags: 0
  m_CorrespondingSourceObject: {fileID: 0}
  m_PrefabInstance: {fileID: 0}
  m_PrefabAsset: {fileID: 0}
  serializedVersion: 6
  m_Component:
  - component: {fileID: 6568388868499387255}
  m_Layer: 0
  m_Name: mixamorig:RightHandRing3
  m_TagString: Untagged
  m_Icon: {fileID: 0}
  m_NavMeshLayer: 0
  m_StaticEditorFlags: 0
  m_IsActive: 1
--- !u!4 &6568388868499387255
Transform:
  m_ObjectHideFlags: 0
  m_CorrespondingSourceObject: {fileID: 0}
  m_PrefabInstance: {fileID: 0}
  m_PrefabAsset: {fileID: 0}
  m_GameObject: {fileID: 7056048318661427985}
  m_LocalRotation: {x: 0.000000059604638, y: 0.000000014897292, z: -0.00000007450657, w: 1}
  m_LocalPosition: {x: 0.03307317, y: 0.00000003760175, z: -0.00000021114596}
  m_LocalScale: {x: 1, y: 1, z: 1}
  m_Children:
  - {fileID: 8379131296449781392}
  m_Father: {fileID: 274075765667305638}
  m_RootOrder: 0
  m_LocalEulerAnglesHint: {x: 0, y: 0, z: 0}
--- !u!1 &7116800857564605801
GameObject:
  m_ObjectHideFlags: 0
  m_CorrespondingSourceObject: {fileID: 0}
  m_PrefabInstance: {fileID: 0}
  m_PrefabAsset: {fileID: 0}
  serializedVersion: 6
  m_Component:
  - component: {fileID: 3664198482276714203}
  m_Layer: 0
  m_Name: mixamorig:LeftForeArm
  m_TagString: Untagged
  m_Icon: {fileID: 0}
  m_NavMeshLayer: 0
  m_StaticEditorFlags: 0
  m_IsActive: 1
--- !u!4 &3664198482276714203
Transform:
  m_ObjectHideFlags: 0
  m_CorrespondingSourceObject: {fileID: 0}
  m_PrefabInstance: {fileID: 0}
  m_PrefabAsset: {fileID: 0}
  m_GameObject: {fileID: 7116800857564605801}
  m_LocalRotation: {x: -0.000000059604638, y: -0.000000003900862, z: -1.3205547e-24, w: 1}
  m_LocalPosition: {x: -0.27404684, y: 0.00000039126675, z: 0.000000065881096}
  m_LocalScale: {x: 1, y: 1, z: 1}
  m_Children:
  - {fileID: 1023158955291028961}
  m_Father: {fileID: 311647261017139994}
  m_RootOrder: 0
  m_LocalEulerAnglesHint: {x: 0, y: 0, z: 0}
--- !u!1 &7144981049761186622
GameObject:
  m_ObjectHideFlags: 0
  m_CorrespondingSourceObject: {fileID: 0}
  m_PrefabInstance: {fileID: 0}
  m_PrefabAsset: {fileID: 0}
  serializedVersion: 6
  m_Component:
  - component: {fileID: 6365724609424137404}
  m_Layer: 0
  m_Name: mixamorig:LeftHandIndex4
  m_TagString: Untagged
  m_Icon: {fileID: 0}
  m_NavMeshLayer: 0
  m_StaticEditorFlags: 0
  m_IsActive: 1
--- !u!4 &6365724609424137404
Transform:
  m_ObjectHideFlags: 0
  m_CorrespondingSourceObject: {fileID: 0}
  m_PrefabInstance: {fileID: 0}
  m_PrefabAsset: {fileID: 0}
  m_GameObject: {fileID: 7144981049761186622}
  m_LocalRotation: {x: 0, y: -0, z: -0, w: 1}
  m_LocalPosition: {x: -0.030779855, y: 7.926917e-10, z: -0.00000008560385}
  m_LocalScale: {x: 1, y: 1, z: 1}
  m_Children: []
  m_Father: {fileID: 3607811246040901145}
  m_RootOrder: 0
  m_LocalEulerAnglesHint: {x: 0, y: 0, z: 0}
--- !u!1 &7199536036200254810
GameObject:
  m_ObjectHideFlags: 0
  m_CorrespondingSourceObject: {fileID: 0}
  m_PrefabInstance: {fileID: 0}
  m_PrefabAsset: {fileID: 0}
  serializedVersion: 6
  m_Component:
  - component: {fileID: 1036651200726688816}
  m_Layer: 0
  m_Name: mixamorig:Neck
  m_TagString: Untagged
  m_Icon: {fileID: 0}
  m_NavMeshLayer: 0
  m_StaticEditorFlags: 0
  m_IsActive: 1
--- !u!4 &1036651200726688816
Transform:
  m_ObjectHideFlags: 0
  m_CorrespondingSourceObject: {fileID: 0}
  m_PrefabInstance: {fileID: 0}
  m_PrefabAsset: {fileID: 0}
  m_GameObject: {fileID: 7199536036200254810}
  m_LocalRotation: {x: -5.2041704e-18, y: 4.2632927e-14, z: 2.273737e-13, w: 1}
  m_LocalPosition: {x: -0.0000002520208, y: 0.15032491, z: 0.007929048}
  m_LocalScale: {x: 1, y: 1, z: 1}
  m_Children:
  - {fileID: 425786959239793994}
  m_Father: {fileID: 5844109986123180109}
  m_RootOrder: 1
  m_LocalEulerAnglesHint: {x: 0, y: 0, z: 0}
--- !u!1 &7332070031235451450
GameObject:
  m_ObjectHideFlags: 0
  m_CorrespondingSourceObject: {fileID: 0}
  m_PrefabInstance: {fileID: 0}
  m_PrefabAsset: {fileID: 0}
  serializedVersion: 6
  m_Component:
  - component: {fileID: 8510949554513909322}
  m_Layer: 0
  m_Name: mixamorig:RightHandPinky3
  m_TagString: Untagged
  m_Icon: {fileID: 0}
  m_NavMeshLayer: 0
  m_StaticEditorFlags: 0
  m_IsActive: 1
--- !u!4 &8510949554513909322
Transform:
  m_ObjectHideFlags: 0
  m_CorrespondingSourceObject: {fileID: 0}
  m_PrefabInstance: {fileID: 0}
  m_PrefabAsset: {fileID: 0}
  m_GameObject: {fileID: 7332070031235451450}
  m_LocalRotation: {x: -0.00000008940697, y: -6.912583e-20, z: -1.3322676e-15, w: 1}
  m_LocalPosition: {x: 0.025948359, y: -0.000000009571486, z: -0.00000036661154}
  m_LocalScale: {x: 1, y: 1, z: 1}
  m_Children:
  - {fileID: 14349286062323698}
  m_Father: {fileID: 2198873869624526718}
  m_RootOrder: 0
  m_LocalEulerAnglesHint: {x: 0, y: 0, z: 0}
--- !u!1 &7360934162319772203
GameObject:
  m_ObjectHideFlags: 0
  m_CorrespondingSourceObject: {fileID: 0}
  m_PrefabInstance: {fileID: 0}
  m_PrefabAsset: {fileID: 0}
  serializedVersion: 6
  m_Component:
  - component: {fileID: 4180274441906248191}
  m_Layer: 0
  m_Name: mixamorig:RightHandIndex4
  m_TagString: Untagged
  m_Icon: {fileID: 0}
  m_NavMeshLayer: 0
  m_StaticEditorFlags: 0
  m_IsActive: 1
--- !u!4 &4180274441906248191
Transform:
  m_ObjectHideFlags: 0
  m_CorrespondingSourceObject: {fileID: 0}
  m_PrefabInstance: {fileID: 0}
  m_PrefabAsset: {fileID: 0}
  m_GameObject: {fileID: 7360934162319772203}
  m_LocalRotation: {x: 0, y: -0, z: -0, w: 1}
  m_LocalPosition: {x: 0.030779855, y: -0.000000009372842, z: -0.00000008780579}
  m_LocalScale: {x: 1, y: 1, z: 1}
  m_Children: []
  m_Father: {fileID: 1347674012446700384}
  m_RootOrder: 0
  m_LocalEulerAnglesHint: {x: 0, y: 0, z: 0}
--- !u!1 &7412922949903112373
GameObject:
  m_ObjectHideFlags: 0
  m_CorrespondingSourceObject: {fileID: 0}
  m_PrefabInstance: {fileID: 0}
  m_PrefabAsset: {fileID: 0}
  serializedVersion: 6
  m_Component:
  - component: {fileID: 8968677653505650314}
  m_Layer: 0
  m_Name: mixamorig:RightToeBase
  m_TagString: Untagged
  m_Icon: {fileID: 0}
  m_NavMeshLayer: 0
  m_StaticEditorFlags: 0
  m_IsActive: 1
--- !u!4 &8968677653505650314
Transform:
  m_ObjectHideFlags: 0
  m_CorrespondingSourceObject: {fileID: 0}
  m_PrefabInstance: {fileID: 0}
  m_PrefabAsset: {fileID: 0}
  m_GameObject: {fileID: 7412922949903112373}
  m_LocalRotation: {x: 0.000000029802322, y: 6.530776e-11, z: -2.3527402e-10, w: 1}
  m_LocalPosition: {x: 0.0037335984, y: -0.10492194, z: 0.12640662}
  m_LocalScale: {x: 1, y: 1, z: 1}
  m_Children:
  - {fileID: 4299514220251205160}
  m_Father: {fileID: 6665230807166197342}
  m_RootOrder: 0
  m_LocalEulerAnglesHint: {x: 0, y: 0, z: 0}
--- !u!1 &7613903556371057295
GameObject:
  m_ObjectHideFlags: 0
  m_CorrespondingSourceObject: {fileID: 0}
  m_PrefabInstance: {fileID: 0}
  m_PrefabAsset: {fileID: 0}
  serializedVersion: 6
  m_Component:
  - component: {fileID: 1347674012446700384}
  m_Layer: 0
  m_Name: mixamorig:RightHandIndex3
  m_TagString: Untagged
  m_Icon: {fileID: 0}
  m_NavMeshLayer: 0
  m_StaticEditorFlags: 0
  m_IsActive: 1
--- !u!4 &1347674012446700384
Transform:
  m_ObjectHideFlags: 0
  m_CorrespondingSourceObject: {fileID: 0}
  m_PrefabInstance: {fileID: 0}
  m_PrefabAsset: {fileID: 0}
  m_GameObject: {fileID: 7613903556371057295}
  m_LocalRotation: {x: 0.000000029802326, y: 0.000000014902701, z: 0.000000029801555, w: 1}
  m_LocalPosition: {x: 0.03415161, y: 0.0000000025299138, z: -0.000000086058414}
  m_LocalScale: {x: 1, y: 1, z: 1}
  m_Children:
  - {fileID: 4180274441906248191}
  m_Father: {fileID: 7485333131463721001}
  m_RootOrder: 0
  m_LocalEulerAnglesHint: {x: 0, y: 0, z: 0}
--- !u!1 &7669586478895837678
GameObject:
  m_ObjectHideFlags: 0
  m_CorrespondingSourceObject: {fileID: 0}
  m_PrefabInstance: {fileID: 0}
  m_PrefabAsset: {fileID: 0}
  serializedVersion: 6
  m_Component:
  - component: {fileID: 1023158955291028961}
  m_Layer: 0
  m_Name: mixamorig:LeftHand
  m_TagString: Untagged
  m_Icon: {fileID: 0}
  m_NavMeshLayer: 0
  m_StaticEditorFlags: 0
  m_IsActive: 1
--- !u!4 &1023158955291028961
Transform:
  m_ObjectHideFlags: 0
  m_CorrespondingSourceObject: {fileID: 0}
  m_PrefabInstance: {fileID: 0}
  m_PrefabAsset: {fileID: 0}
  m_GameObject: {fileID: 7669586478895837678}
  m_LocalRotation: {x: 0.000025987818, y: 0.000000044703476, z: -1.1585687e-12, w: 1}
  m_LocalPosition: {x: -0.27614462, y: 0.00000028951808, z: 0.00000019646586}
  m_LocalScale: {x: 1, y: 1, z: 1}
  m_Children:
  - {fileID: 5078180535602213838}
  - {fileID: 2782822893808783306}
  - {fileID: 1580037087651937703}
  - {fileID: 1148923768260814973}
  - {fileID: 1297222600791831668}
  m_Father: {fileID: 3664198482276714203}
  m_RootOrder: 0
  m_LocalEulerAnglesHint: {x: 0, y: 0, z: 0}
--- !u!1 &7691731288841713520
GameObject:
  m_ObjectHideFlags: 0
  m_CorrespondingSourceObject: {fileID: 0}
  m_PrefabInstance: {fileID: 0}
  m_PrefabAsset: {fileID: 0}
  serializedVersion: 6
  m_Component:
  - component: {fileID: 6320461525978949159}
  - component: {fileID: 5160584606775166620}
  m_Layer: 0
  m_Name: Alpha_Joints
  m_TagString: Untagged
  m_Icon: {fileID: 0}
  m_NavMeshLayer: 0
  m_StaticEditorFlags: 0
  m_IsActive: 1
--- !u!4 &6320461525978949159
Transform:
  m_ObjectHideFlags: 0
  m_CorrespondingSourceObject: {fileID: 0}
  m_PrefabInstance: {fileID: 0}
  m_PrefabAsset: {fileID: 0}
  m_GameObject: {fileID: 7691731288841713520}
  m_LocalRotation: {x: 0, y: -0, z: -0, w: 1}
  m_LocalPosition: {x: -0, y: 0, z: 0}
  m_LocalScale: {x: 1, y: 1, z: 1}
  m_Children: []
  m_Father: {fileID: 6017970241550573513}
  m_RootOrder: 1
  m_LocalEulerAnglesHint: {x: 0, y: 0, z: 0}
--- !u!137 &5160584606775166620
SkinnedMeshRenderer:
  m_ObjectHideFlags: 0
  m_CorrespondingSourceObject: {fileID: 0}
  m_PrefabInstance: {fileID: 0}
  m_PrefabAsset: {fileID: 0}
  m_GameObject: {fileID: 7691731288841713520}
  m_Enabled: 1
  m_CastShadows: 1
  m_ReceiveShadows: 1
  m_DynamicOccludee: 1
  m_MotionVectors: 1
  m_LightProbeUsage: 1
  m_ReflectionProbeUsage: 1
  m_RayTracingMode: 3
  m_RayTraceProcedural: 0
  m_RenderingLayerMask: 1
  m_RendererPriority: 0
  m_Materials:
  - {fileID: -840037777384891287, guid: ec72e61e6caa4d24fa78db76e5fdfb61, type: 3}
  m_StaticBatchInfo:
    firstSubMesh: 0
    subMeshCount: 0
  m_StaticBatchRoot: {fileID: 0}
  m_ProbeAnchor: {fileID: 0}
  m_LightProbeVolumeOverride: {fileID: 0}
  m_ScaleInLightmap: 1
  m_ReceiveGI: 1
  m_PreserveUVs: 0
  m_IgnoreNormalsForChartDetection: 0
  m_ImportantGI: 0
  m_StitchLightmapSeams: 1
  m_SelectedEditorRenderState: 3
  m_MinimumChartSize: 4
  m_AutoUVMaxDistance: 0.5
  m_AutoUVMaxAngle: 89
  m_LightmapParameters: {fileID: 0}
  m_SortingLayerID: 0
  m_SortingLayer: 0
  m_SortingOrder: 0
  serializedVersion: 2
  m_Quality: 0
  m_UpdateWhenOffscreen: 0
  m_SkinnedMotionVectors: 1
  m_Mesh: {fileID: -1525253381413818895, guid: ec72e61e6caa4d24fa78db76e5fdfb61, type: 3}
  m_Bones:
  - {fileID: 2293584281071533917}
  - {fileID: 1998625267529698510}
  - {fileID: 4945294771765106726}
  - {fileID: 5844109986123180109}
  - {fileID: 1036651200726688816}
  - {fileID: 425786959239793994}
  - {fileID: 8473751561879337174}
  - {fileID: 311647261017139994}
  - {fileID: 3664198482276714203}
  - {fileID: 1023158955291028961}
  - {fileID: 2782822893808783306}
  - {fileID: 781422532573487624}
  - {fileID: 8656035957356535359}
  - {fileID: 1297222600791831668}
  - {fileID: 8420223359926426104}
  - {fileID: 6512080469130585492}
  - {fileID: 5078180535602213838}
  - {fileID: 4497721205429064810}
  - {fileID: 3607811246040901145}
  - {fileID: 1148923768260814973}
  - {fileID: 4735844379336107537}
  - {fileID: 7309096385198091929}
  - {fileID: 1580037087651937703}
  - {fileID: 599600490369451925}
  - {fileID: 4901611243196716398}
  - {fileID: 3905242854532841919}
  - {fileID: 525553080615495463}
  - {fileID: 8619264721195060618}
  - {fileID: 5601129642659989482}
  - {fileID: 7415655293433162697}
  - {fileID: 868833890255628078}
  - {fileID: 8677155529918972216}
  - {fileID: 2392687134430276828}
  - {fileID: 2874615700314800319}
  - {fileID: 5746784618888988984}
  - {fileID: 2678446470798179972}
  - {fileID: 7485333131463721001}
  - {fileID: 1347674012446700384}
  - {fileID: 3063274359033175854}
  - {fileID: 274075765667305638}
  - {fileID: 6568388868499387255}
  - {fileID: 4939488268951072842}
  - {fileID: 2198873869624526718}
  - {fileID: 8510949554513909322}
  - {fileID: 2689180171509139554}
  - {fileID: 1732833323977619192}
  - {fileID: 6665230807166197342}
  - {fileID: 8968677653505650314}
  - {fileID: 8613962873435522593}
  - {fileID: 3976744392852741887}
  - {fileID: 8400911830005671443}
  - {fileID: 973345181457582220}
  m_BlendShapeWeights: []
  m_RootBone: {fileID: 2293584281071533917}
  m_AABB:
    m_Center: {x: 0.0000009536743, y: -0.19487926, z: 0.001876384}
    m_Extent: {x: 0.94527346, y: 0.7953514, z: 0.1378017}
  m_DirtyAABB: 0
--- !u!1 &7723436235853719551
GameObject:
  m_ObjectHideFlags: 0
  m_CorrespondingSourceObject: {fileID: 0}
  m_PrefabInstance: {fileID: 0}
  m_PrefabAsset: {fileID: 0}
  serializedVersion: 6
  m_Component:
  - component: {fileID: 5078180535602213838}
  m_Layer: 0
  m_Name: mixamorig:LeftHandIndex1
  m_TagString: Untagged
  m_Icon: {fileID: 0}
  m_NavMeshLayer: 0
  m_StaticEditorFlags: 0
  m_IsActive: 1
--- !u!4 &5078180535602213838
Transform:
  m_ObjectHideFlags: 0
  m_CorrespondingSourceObject: {fileID: 0}
  m_PrefabInstance: {fileID: 0}
  m_PrefabAsset: {fileID: 0}
  m_GameObject: {fileID: 7723436235853719551}
  m_LocalRotation: {x: 0.00000007450581, y: -7.738312e-13, z: -0.000000014901161, w: 1}
  m_LocalPosition: {x: -0.12266614, y: -0.0023166884, z: 0.028220579}
  m_LocalScale: {x: 1, y: 1, z: 1}
  m_Children:
  - {fileID: 4497721205429064810}
  m_Father: {fileID: 1023158955291028961}
  m_RootOrder: 0
  m_LocalEulerAnglesHint: {x: 0, y: 0, z: 0}
--- !u!1 &7861420717130863891
GameObject:
  m_ObjectHideFlags: 0
  m_CorrespondingSourceObject: {fileID: 0}
  m_PrefabInstance: {fileID: 0}
  m_PrefabAsset: {fileID: 0}
  serializedVersion: 6
  m_Component:
  - component: {fileID: 6512080469130585492}
  m_Layer: 0
  m_Name: mixamorig:LeftHandThumb3
  m_TagString: Untagged
  m_Icon: {fileID: 0}
  m_NavMeshLayer: 0
  m_StaticEditorFlags: 0
  m_IsActive: 1
--- !u!4 &6512080469130585492
Transform:
  m_ObjectHideFlags: 0
  m_CorrespondingSourceObject: {fileID: 0}
  m_PrefabInstance: {fileID: 0}
  m_PrefabAsset: {fileID: 0}
  m_GameObject: {fileID: 7861420717130863891}
  m_LocalRotation: {x: -0.0000051025772, y: 0.000009561153, z: 0.00000076763865, w: 1}
  m_LocalPosition: {x: -0.033943586, y: -0.019597441, z: 0.019597929}
  m_LocalScale: {x: 1, y: 1, z: 1}
  m_Children:
  - {fileID: 8977678629622351929}
  m_Father: {fileID: 8420223359926426104}
  m_RootOrder: 0
  m_LocalEulerAnglesHint: {x: 0, y: 0, z: 0}
--- !u!1 &7967204973027807848
GameObject:
  m_ObjectHideFlags: 0
  m_CorrespondingSourceObject: {fileID: 0}
  m_PrefabInstance: {fileID: 0}
  m_PrefabAsset: {fileID: 0}
  serializedVersion: 6
  m_Component:
  - component: {fileID: 2777837778321810976}
  m_Layer: 0
  m_Name: mixamorig:LeftHandRing4
  m_TagString: Untagged
  m_Icon: {fileID: 0}
  m_NavMeshLayer: 0
  m_StaticEditorFlags: 0
  m_IsActive: 1
--- !u!4 &2777837778321810976
Transform:
  m_ObjectHideFlags: 0
  m_CorrespondingSourceObject: {fileID: 0}
  m_PrefabInstance: {fileID: 0}
  m_PrefabAsset: {fileID: 0}
  m_GameObject: {fileID: 7967204973027807848}
  m_LocalRotation: {x: 0, y: -0, z: -0, w: 1}
  m_LocalPosition: {x: -0.036601152, y: 0.00000002906111, z: 4.5477133e-10}
  m_LocalScale: {x: 1, y: 1, z: 1}
  m_Children: []
  m_Father: {fileID: 7309096385198091929}
  m_RootOrder: 0
  m_LocalEulerAnglesHint: {x: 0, y: 0, z: 0}
--- !u!1 &7981306367944293003
GameObject:
  m_ObjectHideFlags: 0
  m_CorrespondingSourceObject: {fileID: 0}
  m_PrefabInstance: {fileID: 0}
  m_PrefabAsset: {fileID: 0}
  serializedVersion: 6
  m_Component:
  - component: {fileID: 5746784618888988984}
  m_Layer: 0
  m_Name: mixamorig:RightHandThumb3
  m_TagString: Untagged
  m_Icon: {fileID: 0}
  m_NavMeshLayer: 0
  m_StaticEditorFlags: 0
  m_IsActive: 1
--- !u!4 &5746784618888988984
Transform:
  m_ObjectHideFlags: 0
  m_CorrespondingSourceObject: {fileID: 0}
  m_PrefabInstance: {fileID: 0}
  m_PrefabAsset: {fileID: 0}
  m_GameObject: {fileID: 7981306367944293003}
  m_LocalRotation: {x: -0.0000050727735, y: -0.000009561156, z: -0.0000007974416, w: 1}
  m_LocalPosition: {x: 0.03394358, y: -0.019597458, z: 0.019597925}
  m_LocalScale: {x: 1, y: 1, z: 1}
  m_Children:
  - {fileID: 6291409465393568618}
  m_Father: {fileID: 2874615700314800319}
  m_RootOrder: 0
  m_LocalEulerAnglesHint: {x: 0, y: 0, z: 0}
--- !u!1 &8076227486902775547
GameObject:
  m_ObjectHideFlags: 0
  m_CorrespondingSourceObject: {fileID: 0}
  m_PrefabInstance: {fileID: 0}
  m_PrefabAsset: {fileID: 0}
  serializedVersion: 6
  m_Component:
  - component: {fileID: 274075765667305638}
  m_Layer: 0
  m_Name: mixamorig:RightHandRing2
  m_TagString: Untagged
  m_Icon: {fileID: 0}
  m_NavMeshLayer: 0
  m_StaticEditorFlags: 0
  m_IsActive: 1
--- !u!4 &274075765667305638
Transform:
  m_ObjectHideFlags: 0
  m_CorrespondingSourceObject: {fileID: 0}
  m_PrefabInstance: {fileID: 0}
  m_PrefabAsset: {fileID: 0}
  m_GameObject: {fileID: 8076227486902775547}
  m_LocalRotation: {x: -0.000000029802319, y: -0.000000029799999, z: 0.000000044705025, w: 1}
  m_LocalPosition: {x: 0.036011904, y: 0.0000000023856512, z: 0.0000003486698}
  m_LocalScale: {x: 1, y: 1, z: 1}
  m_Children:
  - {fileID: 6568388868499387255}
  m_Father: {fileID: 3063274359033175854}
  m_RootOrder: 0
  m_LocalEulerAnglesHint: {x: 0, y: 0, z: 0}
--- !u!1 &8187887378069001507
GameObject:
  m_ObjectHideFlags: 0
  m_CorrespondingSourceObject: {fileID: 0}
  m_PrefabInstance: {fileID: 0}
  m_PrefabAsset: {fileID: 0}
  serializedVersion: 6
  m_Component:
  - component: {fileID: 5601129642659989482}
  m_Layer: 0
  m_Name: mixamorig:RightHand
  m_TagString: Untagged
  m_Icon: {fileID: 0}
  m_NavMeshLayer: 0
  m_StaticEditorFlags: 0
  m_IsActive: 1
--- !u!4 &5601129642659989482
Transform:
  m_ObjectHideFlags: 0
  m_CorrespondingSourceObject: {fileID: 0}
  m_PrefabInstance: {fileID: 0}
  m_PrefabAsset: {fileID: 0}
  m_GameObject: {fileID: 8187887378069001507}
  m_LocalRotation: {x: 0.000025987818, y: -0.000000044703476, z: 1.1585687e-12, w: 1}
  m_LocalPosition: {x: 0.27614462, y: 0.00000022661457, z: 0.0000001832407}
  m_LocalScale: {x: 1, y: 1, z: 1}
  m_Children:
  - {fileID: 2678446470798179972}
  - {fileID: 7415655293433162697}
  - {fileID: 4939488268951072842}
  - {fileID: 3063274359033175854}
  - {fileID: 2392687134430276828}
  m_Father: {fileID: 8619264721195060618}
  m_RootOrder: 0
  m_LocalEulerAnglesHint: {x: 0, y: 0, z: 0}
--- !u!1 &8328967909890669103
GameObject:
  m_ObjectHideFlags: 0
  m_CorrespondingSourceObject: {fileID: 0}
  m_PrefabInstance: {fileID: 0}
  m_PrefabAsset: {fileID: 0}
  serializedVersion: 6
  m_Component:
  - component: {fileID: 8473751561879337174}
  m_Layer: 0
  m_Name: mixamorig:LeftShoulder
  m_TagString: Untagged
  m_Icon: {fileID: 0}
  m_NavMeshLayer: 0
  m_StaticEditorFlags: 0
  m_IsActive: 1
--- !u!4 &8473751561879337174
Transform:
  m_ObjectHideFlags: 0
  m_CorrespondingSourceObject: {fileID: 0}
  m_PrefabInstance: {fileID: 0}
  m_PrefabAsset: {fileID: 0}
  m_GameObject: {fileID: 8328967909890669103}
  m_LocalRotation: {x: -0.000000044703484, y: 4.2632557e-14, z: -0.000000044703256, w: 1}
  m_LocalPosition: {x: -0.061058242, y: 0.09110424, z: 0.0070555084}
  m_LocalScale: {x: 1, y: 1, z: 1}
  m_Children:
  - {fileID: 311647261017139994}
  m_Father: {fileID: 5844109986123180109}
  m_RootOrder: 0
  m_LocalEulerAnglesHint: {x: 0, y: 0, z: 0}
--- !u!1 &8388917513783099951
GameObject:
  m_ObjectHideFlags: 0
  m_CorrespondingSourceObject: {fileID: 0}
  m_PrefabInstance: {fileID: 0}
  m_PrefabAsset: {fileID: 0}
  serializedVersion: 6
  m_Component:
  - component: {fileID: 6158540382375380743}
  m_Layer: 0
  m_Name: mixamorig:LeftEye
  m_TagString: Untagged
  m_Icon: {fileID: 0}
  m_NavMeshLayer: 0
  m_StaticEditorFlags: 0
  m_IsActive: 1
--- !u!4 &6158540382375380743
Transform:
  m_ObjectHideFlags: 0
  m_CorrespondingSourceObject: {fileID: 0}
  m_PrefabInstance: {fileID: 0}
  m_PrefabAsset: {fileID: 0}
  m_GameObject: {fileID: 8388917513783099951}
  m_LocalRotation: {x: 0, y: -0, z: -0, w: 1}
  m_LocalPosition: {x: -0.02947915, y: 0.07681745, z: 0.09120731}
  m_LocalScale: {x: 1, y: 1, z: 1}
  m_Children: []
  m_Father: {fileID: 425786959239793994}
  m_RootOrder: 1
  m_LocalEulerAnglesHint: {x: 0, y: 0, z: 0}
--- !u!1 &8641585402135786460
GameObject:
  m_ObjectHideFlags: 0
  m_CorrespondingSourceObject: {fileID: 0}
  m_PrefabInstance: {fileID: 0}
  m_PrefabAsset: {fileID: 0}
  serializedVersion: 6
  m_Component:
  - component: {fileID: 1148923768260814973}
  m_Layer: 0
  m_Name: mixamorig:LeftHandRing1
  m_TagString: Untagged
  m_Icon: {fileID: 0}
  m_NavMeshLayer: 0
  m_StaticEditorFlags: 0
  m_IsActive: 1
--- !u!4 &1148923768260814973
Transform:
  m_ObjectHideFlags: 0
  m_CorrespondingSourceObject: {fileID: 0}
  m_PrefabInstance: {fileID: 0}
  m_PrefabAsset: {fileID: 0}
  m_GameObject: {fileID: 8641585402135786460}
  m_LocalRotation: {x: 0.00000002980232, y: -0.000000029801548, z: 0.000000014902708, w: 1}
  m_LocalPosition: {x: -0.12147005, y: 0.00009894983, z: -0.022166291}
  m_LocalScale: {x: 1, y: 1, z: 1}
  m_Children:
  - {fileID: 4735844379336107537}
  m_Father: {fileID: 1023158955291028961}
  m_RootOrder: 3
  m_LocalEulerAnglesHint: {x: 0, y: 0, z: 0}
--- !u!1 &8843907272502042020
GameObject:
  m_ObjectHideFlags: 0
  m_CorrespondingSourceObject: {fileID: 0}
  m_PrefabInstance: {fileID: 0}
  m_PrefabAsset: {fileID: 0}
  serializedVersion: 6
  m_Component:
  - component: {fileID: 8379131296449781392}
  m_Layer: 0
  m_Name: mixamorig:RightHandRing4
  m_TagString: Untagged
  m_Icon: {fileID: 0}
  m_NavMeshLayer: 0
  m_StaticEditorFlags: 0
  m_IsActive: 1
--- !u!4 &8379131296449781392
Transform:
  m_ObjectHideFlags: 0
  m_CorrespondingSourceObject: {fileID: 0}
  m_PrefabInstance: {fileID: 0}
  m_PrefabAsset: {fileID: 0}
  m_GameObject: {fileID: 8843907272502042020}
  m_LocalRotation: {x: 0, y: -0, z: -0, w: 1}
  m_LocalPosition: {x: 0.036601152, y: 0.00000002046845, z: 0.000000006718011}
  m_LocalScale: {x: 1, y: 1, z: 1}
  m_Children: []
  m_Father: {fileID: 6568388868499387255}
  m_RootOrder: 0
  m_LocalEulerAnglesHint: {x: 0, y: 0, z: 0}
--- !u!1 &8950798537601175014
GameObject:
  m_ObjectHideFlags: 0
  m_CorrespondingSourceObject: {fileID: 0}
  m_PrefabInstance: {fileID: 0}
  m_PrefabAsset: {fileID: 0}
  serializedVersion: 6
  m_Component:
  - component: {fileID: 3220634336082545060}
  m_Layer: 0
  m_Name: mixamorig:HeadTop_End
  m_TagString: Untagged
  m_Icon: {fileID: 0}
  m_NavMeshLayer: 0
  m_StaticEditorFlags: 0
  m_IsActive: 1
--- !u!4 &3220634336082545060
Transform:
  m_ObjectHideFlags: 0
  m_CorrespondingSourceObject: {fileID: 0}
  m_PrefabInstance: {fileID: 0}
  m_PrefabAsset: {fileID: 0}
  m_GameObject: {fileID: 8950798537601175014}
  m_LocalRotation: {x: 0, y: -0, z: -0, w: 1}
  m_LocalPosition: {x: -0.0000015417259, y: 0.18474671, z: 0.06636399}
  m_LocalScale: {x: 1, y: 1, z: 1}
  m_Children: []
  m_Father: {fileID: 425786959239793994}
  m_RootOrder: 0
  m_LocalEulerAnglesHint: {x: 0, y: 0, z: 0}
--- !u!1 &9040080485683114747
GameObject:
  m_ObjectHideFlags: 0
  m_CorrespondingSourceObject: {fileID: 0}
  m_PrefabInstance: {fileID: 0}
  m_PrefabAsset: {fileID: 0}
  serializedVersion: 6
  m_Component:
  - component: {fileID: 868833890255628078}
  m_Layer: 0
  m_Name: mixamorig:RightHandMiddle2
  m_TagString: Untagged
  m_Icon: {fileID: 0}
  m_NavMeshLayer: 0
  m_StaticEditorFlags: 0
  m_IsActive: 1
--- !u!4 &868833890255628078
Transform:
  m_ObjectHideFlags: 0
  m_CorrespondingSourceObject: {fileID: 0}
  m_PrefabInstance: {fileID: 0}
  m_PrefabAsset: {fileID: 0}
  m_GameObject: {fileID: 9040080485683114747}
  m_LocalRotation: {x: -0.000000014901161, y: -0.000000014901165, z: 7.764959e-13, w: 1}
  m_LocalPosition: {x: 0.036139715, y: 0.000000027565017, z: 0.000000030803374}
  m_LocalScale: {x: 1, y: 1, z: 1}
  m_Children:
  - {fileID: 8677155529918972216}
  m_Father: {fileID: 7415655293433162697}
  m_RootOrder: 0
  m_LocalEulerAnglesHint: {x: 0, y: 0, z: 0}
--- !u!1 &9098601180660403664
GameObject:
  m_ObjectHideFlags: 0
  m_CorrespondingSourceObject: {fileID: 0}
  m_PrefabInstance: {fileID: 0}
  m_PrefabAsset: {fileID: 0}
  serializedVersion: 6
  m_Component:
  - component: {fileID: 8656035957356535359}
  m_Layer: 0
  m_Name: mixamorig:LeftHandMiddle3
  m_TagString: Untagged
  m_Icon: {fileID: 0}
  m_NavMeshLayer: 0
  m_StaticEditorFlags: 0
  m_IsActive: 1
--- !u!4 &8656035957356535359
Transform:
  m_ObjectHideFlags: 0
  m_CorrespondingSourceObject: {fileID: 0}
  m_PrefabInstance: {fileID: 0}
  m_PrefabAsset: {fileID: 0}
  m_GameObject: {fileID: 9098601180660403664}
  m_LocalRotation: {x: 3.2786822e-16, y: -7.7005665e-13, z: -0.000000014901165, w: 1}
  m_LocalPosition: {x: -0.0345976, y: 0.000000005432471, z: -0.00000026419679}
  m_LocalScale: {x: 1, y: 1, z: 1}
  m_Children:
  - {fileID: 4184816013333514012}
  m_Father: {fileID: 781422532573487624}
  m_RootOrder: 0
  m_LocalEulerAnglesHint: {x: 0, y: 0, z: 0}
--- !u!1 &9102637177728907810
GameObject:
  m_ObjectHideFlags: 0
  m_CorrespondingSourceObject: {fileID: 0}
  m_PrefabInstance: {fileID: 0}
  m_PrefabAsset: {fileID: 0}
  serializedVersion: 6
  m_Component:
  - component: {fileID: 3976744392852741887}
  m_Layer: 0
  m_Name: mixamorig:LeftLeg
  m_TagString: Untagged
  m_Icon: {fileID: 0}
  m_NavMeshLayer: 0
  m_StaticEditorFlags: 0
  m_IsActive: 1
--- !u!4 &3976744392852741887
Transform:
  m_ObjectHideFlags: 0
  m_CorrespondingSourceObject: {fileID: 0}
  m_PrefabInstance: {fileID: 0}
  m_PrefabAsset: {fileID: 0}
  m_GameObject: {fileID: 9102637177728907810}
  m_LocalRotation: {x: 0.000035527948, y: 0.000000089582485, z: 0.0000000041595536, w: 1}
  m_LocalPosition: {x: -0.0024468019, y: -0.40595403, z: -0.005170411}
  m_LocalScale: {x: 1, y: 1, z: 1}
  m_Children:
  - {fileID: 8400911830005671443}
  m_Father: {fileID: 8613962873435522593}
  m_RootOrder: 0
  m_LocalEulerAnglesHint: {x: 0, y: 0, z: 0}
--- !u!1 &9190613800755343887
GameObject:
  m_ObjectHideFlags: 0
  m_CorrespondingSourceObject: {fileID: 0}
  m_PrefabInstance: {fileID: 0}
  m_PrefabAsset: {fileID: 0}
  serializedVersion: 6
  m_Component:
  - component: {fileID: 8613962873435522593}
  m_Layer: 0
  m_Name: mixamorig:LeftUpLeg
  m_TagString: Untagged
  m_Icon: {fileID: 0}
  m_NavMeshLayer: 0
  m_StaticEditorFlags: 0
  m_IsActive: 1
--- !u!4 &8613962873435522593
Transform:
  m_ObjectHideFlags: 0
  m_CorrespondingSourceObject: {fileID: 0}
  m_PrefabInstance: {fileID: 0}
  m_PrefabAsset: {fileID: 0}
  m_GameObject: {fileID: 9190613800755343887}
  m_LocalRotation: {x: -0.000017517097, y: -0.000000013640878, z: 0.00000043808052, w: 1}
  m_LocalPosition: {x: -0.091244526, y: -0.06656399, z: -0.00055377925}
  m_LocalScale: {x: 1, y: 1, z: 1}
  m_Children:
  - {fileID: 3976744392852741887}
  m_Father: {fileID: 2293584281071533917}
  m_RootOrder: 0
  m_LocalEulerAnglesHint: {x: 0, y: 0, z: 0}
--- !u!1 &9222332783763134310
GameObject:
  m_ObjectHideFlags: 0
  m_CorrespondingSourceObject: {fileID: 0}
  m_PrefabInstance: {fileID: 0}
  m_PrefabAsset: {fileID: 0}
  serializedVersion: 6
  m_Component:
  - component: {fileID: 7485333131463721001}
  m_Layer: 0
  m_Name: mixamorig:RightHandIndex2
  m_TagString: Untagged
  m_Icon: {fileID: 0}
  m_NavMeshLayer: 0
  m_StaticEditorFlags: 0
  m_IsActive: 1
--- !u!4 &7485333131463721001
Transform:
  m_ObjectHideFlags: 0
  m_CorrespondingSourceObject: {fileID: 0}
  m_PrefabInstance: {fileID: 0}
  m_PrefabAsset: {fileID: 0}
  m_GameObject: {fileID: 9222332783763134310}
  m_LocalRotation: {x: -0.000000044703484, y: -0.000000014901158, z: 7.7427507e-13, w: 1}
  m_LocalPosition: {x: 0.038919672, y: -7.205551e-10, z: 0.00000037513024}
  m_LocalScale: {x: 1, y: 1, z: 1}
  m_Children:
  - {fileID: 1347674012446700384}
  m_Father: {fileID: 2678446470798179972}
  m_RootOrder: 0
  m_LocalEulerAnglesHint: {x: 0, y: 0, z: 0}
